4118 5522
924 243 945 314 2

87 460 181 519 posse,
205 440 239 508 ός
257 462 290 520 με
311 449 521 517 proponentem
544 443 559 520 ᾖ
583 448 600 503 8
623 459 677 516 pro
699 439 749 508 ur:
770 445 857 505 immo
879 443 1004 504 forsitan
1025 447 1109 518 alter,
1133 462 1217 518 quem
1239 444 1352 505 confert
1379 448 1459 507 locus
1482 448 1509 526 (ᾗ
1525 453 1563 510 26
1580 444 1649 529 όςμ’
1662 447 1779 513 ἐκπλεῖν

91 537 235 623 ἔμελλεν),
257 545 320 616 ipse
342 543 380 601 sit
402 548 556 616 corruptus
578 547 608 600 et
629 543 783 601 mutandus
805 544 835 601 in
857 540 892 608 ός
910 534 934 602 τ’
955 539 1071 603 ἐκπλεῖν
1093 537 1224 623 ἔμελλεν.

238 643 287 702 Or.
309 644 332 716 Ι,
371 647 389 702 8
424 632 514 726 ςόήδή
550 643 716 717 scripserim
750 659 805 716 pro
840 634 1007 726 ῴήὺήσον;
1041 662 1108 703 nam
1140 645 1207 704 inde
1236 662 1253 704 a
1282 645 1298 722 ξ
1328 643 1356 706 5'
1375 625 1489 722 semper
1520 650 1555 708 de
1585 647 1678 710 fratre
1713 655 1776 714 solo

86 744 215 814 loquitur
236 744 352 816 Noster,
374 747 404 800 et
425 743 556 816 proxime
578 743 708 814 sequitur
730 738 969 822 όντομωμοκιίις
987 737 1106 806 ἔσται.

237 842 287 904 Or.
308 845 331 915 l,
357 845 402 904 19.
444 844 478 902 ln
500 843 647 902 codicibus
668 847 730 901 est:
767 837 855 902 πλέον
877 839 981 902 δίδωσι
1003 843 1047 924 τῷ
1074 837 1207 925 Φιλόνειρ
1229 838 1329 910 ἴσως.
1353 893 1360 907 .
1382 894 1390 908 .
1413 843 1555 926 ,μᾶλλον
1574 845 1777 935 ριλήσομήνή;

85 941 236 1000 Bekkerns
258 947 376 1014 etpost
398 959 462 1001 eum
484 959 582 1002 omnes
604 935 677 1006 ἴσως
694 948 881 1001 mutaverunt
901 944 932 1002 in
954 941 1014 1009 ὡς.·
1035 944 1086 1003 sed
1108 961 1282 1018 quamquam
1315 945 1442 1006 concedo
1470 948 1525 1006 hac
1549 949 1695 1022 particula
1723 968 1776 1010 nos

87 1057 188 1100 carere
209 1057 267 1100 non
288 1057 382 1115 posse,
405 1047 512 1116 tamen,
534 1043 603 1114 quia
624 1043 793 1115 saepissime
814 1044 844 1101 in
863 1042 1010 1103 codicibus
1037 1042 1152 1101 librarii
1181 1043 1256 1102 hanc
1285 1045 1495 1118 negligentiam
1524 1045 1776 1123 deprehendimus,

85 1145 117 1198 ut
138 1142 237 1214 rerba,
250 1157 371 1214 quornm
393 1142 497 1200 literae
511 1143 558 1200 vel
580 1142 687 1210 similes
708 1142 754 1200 vel
776 1142 895 1202 eaedem
916 1148 1003 1216 atque
1024 1143 1128 1200 literae
1143 1142 1293 1215 proximae
1306 1149 1382 1218 sunt,
1397 1145 1537 1220 omiserit,
1552 1147 1686 1219 equidem
1706 1141 1779 1214 ἴσως

85 1235 130 1303 ιὺς
146 1241 356 1313 proposuerim.
644 1240 653 1244 ”

236 1339 285 1401 Or.
306 1339 330 1411 I,
365 1341 404 1398 20
439 1345 508 1398 ante
531 1335 658 1419 ὑστότήν
671 1344 674 1348 ’
688 1336 769 1398 πόσιν
797 1341 969 1400 inseruerim
1002 1338 1063 1424 τήν.
1114 1342 1227 1401 Ibidem
1248 1348 1315 1414 post
1331 1337 1367 1408 ἐξ
1378 1337 1416 1424 ῆς
1427 1343 1475 1403 καί
1489 1345 1661 1404 inseruerim
1672 1343 1776 1412 odric:

84 1444 269 1516 comparatur
290 1439 366 1496 enim
387 1443 472 1511 pater
493 1455 557 1496 cnm
578 1437 735 1511 Philoneo;
771 1439 817 1498 hic
839 1441 939 1499 statim
960 1441 1043 1513 obiit,
1076 1442 1125 1499 ille
1147 1441 1232 1499 initio
1254 1442 1370 1514 quidem
1391 1444 1463 1502 nibil
1484 1462 1584 1518 passus
1620 1451 1679 1520 est,
1713 1447 1774 1505 nisi

84 1538 161 1608 quod
181 1538 211 1595 in
233 1538 365 1595 morbum
385 1537 497 1610 incidit,
518 1542 621 1609 postea
642 1542 743 1594 autem.
759 1538 814 1597 hoc
834 1541 936 1600 morbo
957 1541 1038 1613 ipse
1059 1555 1205 1612 quoque
1227 1541 1325 1612 periit.

235 1637 284 1699 0r.
304 1637 327 1711 i,
350 1641 398 1698 21.
440 1637 545 1695 Nescio
567 1652 605 1694 an
626 1642 694 1695 ante
716 1636 766 1695 τόν
786 1633 879 1696 α’ίδιον
895 1636 1007 1722 χρόνον
1028 1639 1213 1697 inserendum
1233 1639 1272 1696 sit
1294 1635 1342 1704 εἰς.

241 1735 290 1797 Or.
312 1737 335 1808 Ι,
358 1741 407 1796 27.
449 1735 548 1793 Verba
568 1729 647 1794 οὑτω
669 1731 706 1795 δέ
728 1756 769 1795 τοι
790 1735 839 1796 καί
865 1733 959 1797 ἐλεεῖν
985 1733 1033 1796 tui
1055 1735 1115 1802 τοῖς
1125 1732 1273 1802 α’κοοσίοις
1292 1729 1447 1822 παὺήμασι
1459 1735 1574 1818 μᾶλλον
1591 1739 1732 1825 προσήκει
1752 1737 1771 1824 ή

84 1833 144 1899 τοῖς
162 1830 305 1900 ἑκουσίοις
330 1833 378 1893 καί
405 1829 439 1892 ἐκ
470 1831 610 1916 προνοίας
627 1831 787 1919 ἀδικήμασι
808 1835 856 1896 καί
876 1833 1068 1920 ἁμαρτήμασι
1079 1842 1220 1910 corrupta
1233 1854 1295 1895 esse
1305 1839 1361 1896 viri
1371 1837 1449 1896 docti
1461 1841 1650 1900 consentiunt
1666 1857 1772 1914 omnes,

80 1951 179 2007 ,neque
201 1940 298 1993 tamen
313 1936 464 2008 quisquam
483 1933 557 1992 vidit
570 1935 663 2009 ipsum
684 1937 853 1996 adverbium
867 1931 964 2002 οὑτως
975 1943 1145 2011 corruptum
1160 1953 1232 1999 esse.
1254 1937 1422 2010 Legendum
1432 1955 1495 1997 esse
1509 1956 1627 2001 censeo:
1645 1939 1774 1999 τοῦτον

83 2029 120 2092 δέ
134 2053 176 2092 τοι
275 2077 283 2093 .
301 2030 416 2114 μᾶλλον
434 2031 575 2118 προσήκει
595 2029 615 2115 ή
637 2029 793 2118 ἐκείνην
815 2031 874 2096 ἐπὶ
897 2037 1024 2102 τοῖς....
1046 2033 1247 2120 ἁμαρτήμασι.
1290 2037 1547 2111 Corruptelainde
1569 2045 1636 2098 ortu
1658 2041 1774 2099 videtur

83 2152 155 2208 esse,
178 2137 255 2209 quod
276 2137 421 2208 inpriore
443 2136 520 2194 vocis
546 2130 659 2217 ἐκείνήν
680 2142 764 2209 parte
786 2138 938 2196 literarum
959 2137 1127 2210 similitudo,
1154 2153 1228 2208 quae
1249 2136 1405 2196 intercedit
1427 2153 1491 2195 cum
1512 2137 1607 2196 literis
1642 2140 1773 2210 proxime

83 2237 262 2310 praegressis
284 2231 448 2318 (προς)ήκει
468 2229 487 2316 ή
503 2234 608 2294 fefellit
630 2237 691 2308 ejus
713 2236 821 2294 codicis
842 2237 1003 2311 librarium,
1026 2254 1062 2296 er
1077 2253 1133 2308 quo
1147 2235 1212 2295 fons
1227 2243 1394 2297 nostrornm
1414 2237 1545 2296 codicum
1559 2238 1715 2296 communis
1727 2243 1772 2295 est

81 2337 300 2409 transscripcus,
323 2340 352 2393 et
373 2337 434 2407 ep‘us
456 2335 594 2394 librarius
616 2351 668 2394 suo
689 2335 787 2394 Marte
808 2337 902 2394 locum
917 2337 1071 2396 emendare
1086 2341 1207 2397 conatus
1222 2342 1275 2395 est.
1319 2336 1435 2410 Optime
1446 2341 1542 2394 autem
1558 2341 1660 2394 nostra
1675 2352 1770 2394 emen·

83 2434 200 2495 datione
215 2440 334 2509 recepta
347 2437 444 2494 omnia
463 2434 623 2508 procedere
644 2436 715 2493 satis
737 2437 848 2508 liquet:
879 2453 1051 2509 quamquam
1073 2437 1149 2494 enim
1177 2437 1332 2510 sententia,
1351 2452 1424 2508 quae
1448 2437 1478 2494 in
1500 2437 1545 2494 his
1567 2435 1664 2494 verbis
1685 2437 1770 2509 inest,

79 2537 232 2594 simillima
253 2541 297 2593 est
318 2537 379 2608 ejus
398 2552 471 2608 quae
486 2535 644 2610 praeeedit,
666 2541 765 2594 tamen
786 2553 891 2596 novum
913 2536 1057 2608 quoddam
1079 2535 1165 2594 affert
1187 2537 1227 2608 id,
1250 2536 1327 2608 quod
1356 2536 1416 2601 τοῖς
1440 2531 1587 2600 ιίκοοσίοις
1617 2527 1771 2617 παδήμασι

83 2635 205 2709 opponit
227 2630 262 2692 τὰ
279 2629 438 2692 ἑκούσια
459 2631 508 2692 καί
529 2628 569 2691 ἐκ
597 2629 782 2714 προνοίας
799 2631 987 2718 α’δικήρατα;
1009 2641 1096 2709 atque
1118 2637 1206 2695 simili
1226 2635 1313 2695 modo
1327 2636 1399 2693 haec
1414 2635 1576 2698 enuntiatio
1591 2634 1771 2693 audientium

83 2737 193 2794 animos
215 2735 253 2793 ad
274 2751 309 2794 ea
329 2740 489 2811 praeparat
500 2750 575 2806 quae
585 2739 743 2806 sequnntur
764 2733 827 2814 (καί
848 2732 955 2795 ὥσπε
959 2757 983 2817 ρ
1004 2732 1077 2810 κτλ.)
1106 2741 1193 2808 atque
1216 2735 1232 2811 ξ
1254 2738 1293 2795 25
1323 2735 1414 2793 verba
1442 2728 1534 2792 καίτοι
1564 2729 1689 2814 πότερον
1711 2729 1771 2793 κτλ.

82 2840 262 2909 praeparant
283 2835 321 2893 ad
343 2851 407 2893 eam
428 2851 503 2906 quac
524 2835 655 2905 seqnitur
676 2836 851 2893 sententiam
871 2829 930 2918 ήδή
951 2829 1003 2894 οὑν
1025 2831 1086 2912 ἐγὼ
1107 2830 1182 2901 ἀξιῶ
1204 2831 1331 2915 ὥςπερ
1354 2830 1413 2893 κτλ.

234 2935 283 2995 Or.
304 2936 341 3008 ll,
363 2954 393 3008 α,
415 2940 433 2994 5
455 2951 509 3008 pro
531 2928 802 3016 αἰπολοομένηςτής
820 2930 950 3015 ὑποψίας
967 2931 1087 3015 ὑπόσής
1114 2935 1235 3008 legerim
1270 2929 1475 3015 ἀπολοομένής
1494 2932 1547 3013 τῆς
1561 2927 1677 3014 (ἅλλής)
1700 2929 1768 2990 ὑπο-

83 3031 155 3114 ψίας
172 3031 309 3116 dudum:
330 3036 445 3107 rejectis
467 3035 543 3094 enim
564 3035 712 3092 ceteris
734 3035 945 3108 suspicionibus
968 3034 1100 3094 omnibus
1122 3033 1298 3104 relinquitur
1319 3034 1443 3106 suspicio
1456 3049 1499 3105 ea,
1516 3032 1546 3090 in
1561 3047 1619 3104 qna
1634 3037 1678 3089 est
1693 3047 1768 3092 reus.

237 3132 286 3194 Or.
307 3134 345 3206 ll,
364 3129 397 3210 β,
420 3138 438 3193 2
461 3138 528 3207 post
550 3131 748 3214 τιμωροῦντες
765 3135 936 3210 pronomine
958 3129 1041 3192 αῦτοί
1061 3135 1109 3191 vix
1130 3150 1233 3192 carere
1253 3134 1405 3208 possimus,
1428 3150 1516 3205 quum
1537 3149 1567 3190 se
1589 3133 1682 3204 ipsum
1703 3145 1769 3188 rens

81 3240 210 3308 opponat
233 3232 292 3299 τοῖς
310 3231 475 3315 τιμωροῦσι.
511 3233 675 3292 Pronomen
697 3229 789 3314 αὐτῷ,
804 3234 880 3306 quod
902 3239 969 3308 post
991 3231 1187 3313 τιμωροῦντες
1211 3233 1327 3306 legitur,
1357 3233 1382 3290 si
1411 3232 1543 3304 abesset,
1573 3246 1630 3288 non
1658 3228 1770 3287 deside-

82 3350 211 3392 raremus
223 3333 347 3407 quidem,
363 3334 406 3391 ita
420 3337 452 3390 ut
467 3331 553 3391 facile
568 3333 631 3406 quis
652 3334 796 3407 conjicere
817 3335 909 3408 possit
931 3329 958 3390 οἰ
980 3331 1177 3413 τιμωροῦντες
1197 3328 1300 3398 edroi:
1320 3338 1360 3404 at,
1383 3337 1417 3390 ut
1438 3336 1483 3390 est
1504 3330 1634 3391 codicum
1655 3332 1770 3387 nostro-

81 3447 145 3490 rum
177 3439 295 3506 natura,
332 3432 465 3504 equidem
500 3437 567 3506 post
602 3427 685 3513 αὑτῷ
716 3433 899 3492 intercidisse
930 3429 1013 3492 αῦτοί
1044 3434 1174 3492 arbitror
1206 3439 1235 3492 et
1266 3432 1324 3506 legi
1351 3432 1487 3504 jusserim
1516 3427 1544 3487 οί
1575 3426 1773 3506 τιμωροῦντες

82 3529 166 3612 αὐτῷ
187 3529 277 3596 αῦτοί.
322 3530 379 3609 (Of.
402 3532 439 3590 ad
460 3532 510 3606 IV,
530 3527 563 3608 β,
586 3531 628 3608 2.)

230 3634 265 3692 In
287 3633 337 3706 eis,
360 3649 433 3705 quae
456 3631 505 3694 Or.
525 3632 562 3705 ΙΙ,
581 3627 614 3709 β,
637 3636 655 3693 3
678 3633 830 3707 leguntur:
860 3627 887 3690 εἰ
907 3627 965 3712 γὰρ
987 3631 1037 3690 νῦν
1058 3627 1108 3691 διὰ
1137 3631 1191 3714 τής
1213 3625 1327 3714 ἔχθρας
1353 3629 1386 3689 τό
1416 3623 1550 3709 μέγεδος
1568 3621 1689 3690 εἰκότως
1718 3614 1768 3704 ὑφ’

83 3729 165 3813 ὑμῶν
186 3729 416 3812 καταδοκοῦμαι,
440 3729 506 3814 πρὶν
527 3727 714 3813 ἐργάσασθαι
735 3728 883 3814 εἰκότερον
904 3725 940 3814 ἢν
963 3731 1012 3791 τὸν
1033 3715 1135 3791 εἰδότα
1163 3728 1215 3812 τήν
1236 3730 1287 3789 νῦν
1308 3724 1437 3809 ὑποψίαν
1458 3724 1502 3793 εἰς
1521 3723 1575 3806 ἐμὲ
1606 3719 1698 3784 οῦσαν
1720 3721 1768 3781 καί

82 3835 142 3893 τιῦν
163 3827 261 3892 ἄλλων
282 3829 342 3893 κτλ.
364 3833 520 3891 articulum
543 3829 592 3890 τὸν
613 3838 681 3891 ante
704 3828 803 3892 εἰδότα
825 3831 898 3891 ferri
919 3849 977 3892 non
998 3849 1083 3906 posse
1113 3832 1169 3889 viri
1205 3830 1284 3890 docti
1318 3835 1439 3904 praeter
1473 3827 1633 3886 Linderum
1667 3840 1767 3882 omnes

80 3935 272 4007 consentiunt,
295 3934 364 4007 qnia
385 3950 415 3992 se
437 3934 532 4006 ipsum
553 3933 733 3992 demonstrat
753 3951 827 3995 reus.
869 3935 970 4006 Neque
992 3938 1100 4004 tumen,
1121 3931 1198 4003 quod
1218 3931 1366 4003 Kayscrus
1388 3928 1551 4002 proposuit,
1581 3923 1766 3996 Brieglebius

80 4035 225 4111 probavit,
241 4035 377 4102 ,Blassius
398 4034 519 4106 recepit,
544 4029 703 4114 προειδότα
725 4036 790 4110 (pro
808 4032 856 4093 τόν
871 4029 984 4109 εἰδότα)
1006 4033 1076 4090 mihi
1097 4031 1203 4104 placet,
1225 4030 1303 4102 quia,
1322 4045 1410 4101 quum
1425 4023 1491 4109 πρὶν
1509 4016 1698 4106 ἐργάσασθαι
1712 4039 1766 4097 per

79 4135 263 4208 hyperbaton
285 4150 349 4191 cum
371 4127 530 4212 προειδότα
552 4133 589 4190 sit
610 4133 849 4207 conjungendum,
881 4151 938 4210 προ
967 4134 1106 4206 languere
1136 4130 1261 4190 videtur.
1319 4129 1451 4201 Oonjieio
1480 4127 1536 4187 hoc
1562 4140 1677 4197 quoquc
1704 4123 1767 4181 loco

80 4234 212 4292 lacunam
234 4250 297 4292 esse
329 4238 358 4292 et
380 4239 449 4292 ante
473 4231 522 4291 τὸν
543 4233 684 4292 excidisse
705 4230 743 4292 αὑ
764 4234 810 4292 vel
832 4230 880 4292 καί
909 4227 958 4302 αῦ,
1001 4231 1146 4303 scribique
1173 4229 1311 4301 jusserim
1345 4224 1435 4287 αὐτὸν
1468 4221 1570 4286 εἰδότα
1601 4224 1648 4283 vel
1679 4222 1767 4280 etiam

81 4331 130 4393 καί
150 4330 249 4403 αὐτόν,
271 4335 313 4393 itu
334 4339 367 4392 nt
387 4350 454 4392 rcus
474 4349 505 4392 se
526 4333 620 4406 ipsum
643 4339 772 4407 opponat
801 4331 1019 4392 accusatoribus
1042 4336 1072 4390 et
1093 4331 1165 4389 haec
1186 4328 1248 4388 fere
1269 4329 1365 4388 dicut:
1402 4329 1434 4386 si
1465 4343 1527 4386 vos
1559 4339 1653 4382 nnnc
1687 4328 1767 4380 sta·

79 4434 195 4493 tuitis
216 4434 275 4492 his
297 4433 415 4493 rebus
436 4433 625 4506 omnibns,
648 4447 743 4506 quae
764 4439 857 4492 ante
879 4431 1025 4490 caedem
1047 4429 1175 4489 factae
1196 4433 1298 4502 sant,
1320 4444 1373 4486 me
1394 4426 1616 4502 suspicione
1642 4419 1766 4480 caedis

79 4534 214 4607 premi,
236 4533 440 4606 probabile
462 4536 520 4589 est
541 4547 590 4591 rus
612 4531 716 4608 ipsum
738 4546 863 4608 quoque
885 4535 974 4588 ante
994 4547 1068 4589 rem
1098 4528 1306 4604 gerendam
1327 4527 1425 4586 satis
1447 4523 1695 4584 intellexisse
1716 4534 1782 4594 me,

80 4633 299 4706 suspicione
321 4647 538 4704 oppressum
570 4632 618 4689 iri
649 4637 689 4690 et
721 4648 762 4690 eo
795 4634 1013 4690 commotum
1049 4645 1148 4702 esse,
1184 4633 1225 4686 nt
1261 4628 1395 4701 potius
1432 4623 1527 4684 alios
1563 4622 1607 4681 ab
1644 4617 1766 4678 caede

81 4732 297 4792 retinerem.

232 4829 281 4890 Or.
303 4831 340 4904 ll,
361 4825 393 4908 β,
417 4834 443 4892 8.
485 4831 551 4890 Non
566 4830 699 4890 debuisse
722 4833 826 4905 opinor
846 4831 990 4890 Blossium
1012 4828 1174 4888 Maetzneri
1203 4823 1282 4886 τοῦτ’
1316 4826 1446 4900 recipere
1474 4840 1529 4899 pro
1547 4817 1662 4896 ταύτόν,
1690 4819 1768 4894 qnod
