<?xml version="1.0" encoding="UTF-8"?>
<!DOCTYPE html PUBLIC "-//W3C//DTD XHTML 1.0 Transitional//EN"
    "http://www.w3.org/TR/xhtml1/DTD/xhtml1-transitional.dtd">
<html xmlns="http://www.w3.org/1999/xhtml" xml:lang="en" lang="en">
 <head>
  <title>
</title>
<meta http-equiv="Content-Type" content="text/html;charset=utf-8" />
  <meta name='ocr-system' content='tesseract 3.04.00' />
  <meta name='ocr-capabilities' content='ocr_page ocr_carea ocr_par ocr_line ocrx_word'/>
</head>
<body>
  <div class='ocr_page' id='page_1' title='image "./antiphontisetqu00pahlgoog_0018.png"; bbox 0 0 4118 5522; ppageno 0'>
   <div class='ocr_carea' id='block_1_1' title="bbox 1131 241 1173 312">
    <p class='ocr_par' dir='ltr' id='par_1_1' title="bbox 1131 241 1173 312">
     <span class='ocr_line' id='line_1_1' title="bbox 1131 241 1173 312; baseline 0 0"><span class='ocrx_word' id='word_1_1' title='bbox 1131 241 1173 312; x_wconf 82' lang='lat'><strong>11</strong></span> 
     </span>
    </p>
   </div>
   <div class='ocr_carea' id='block_1_2' title="bbox 310 422 1980 636">
    <p class='ocr_par' dir='ltr' id='par_1_2' title="bbox 310 401 1980 636">
     <span class='ocr_line' id='line_1_2' title="bbox 310 422 1979 542; baseline -0.02 -24"><span class='ocrx_word' id='word_1_2' title='bbox 310 453 468 542; x_wconf 74' lang='grc' dir='ltr'><strong><em>ἠσεβηκότι</em></strong></span> <span class='ocrx_word' id='word_1_3' title='bbox 487 453 619 514; x_wconf 79' lang='lat' dir='ltr'><strong>Fraulsio</strong></span> <span class='ocrx_word' id='word_1_4' title='bbox 638 452 759 526; x_wconf 71' lang='lat' dir='ltr'><strong>iubente</strong></span> <span class='ocrx_word' id='word_1_5' title='bbox 780 450 910 509; x_wconf 91' lang='lat' dir='ltr'><strong>Blassius</strong></span> <span class='ocrx_word' id='word_1_6' title='bbox 931 464 985 522; x_wconf 90' lang='lat' dir='ltr'><strong>pro</strong></span> <span class='ocrx_word' id='word_1_7' title='bbox 1004 441 1073 528; x_wconf 84' lang='grc' dir='ltr'><em>μήτ’</em></span> <span class='ocrx_word' id='word_1_8' title='bbox 1096 443 1214 518; x_wconf 86' lang='lat' dir='ltr'><strong>scripsit</strong></span> <span class='ocrx_word' id='word_1_9' title='bbox 1230 425 1302 518; x_wconf 86' lang='grc' dir='ltr'><em>μηδ’</em></span> <span class='ocrx_word' id='word_1_10' title='bbox 1303 483 1310 497; x_wconf 90' lang='grc'><strong>.</strong></span> <span class='ocrx_word' id='word_1_11' title='bbox 1354 432 1412 493; x_wconf 86' lang='lat' dir='ltr'><strong>Sed</strong></span> <span class='ocrx_word' id='word_1_12' title='bbox 1443 429 1522 490; x_wconf 72' lang='lat' dir='ltr'><strong>heard</strong></span> <span class='ocrx_word' id='word_1_13' title='bbox 1551 428 1611 490; x_wconf 90' lang='lat' dir='ltr'><strong>scio</strong></span> <span class='ocrx_word' id='word_1_14' title='bbox 1633 445 1672 488; x_wconf 88' lang='lat' dir='ltr'><strong>an</strong></span> <span class='ocrx_word' id='word_1_15' title='bbox 1701 427 1752 488; x_wconf 89' lang='lat' dir='ltr'><strong>illo</strong></span> <span class='ocrx_word' id='word_1_16' title='bbox 1780 422 1849 510; x_wconf 87' lang='grc' dir='ltr'><em>μήτ’</em></span> <span class='ocrx_word' id='word_1_17' title='bbox 1878 432 1979 488; x_wconf 81' lang='lat' dir='ltr'><strong>servat</strong></span> 
     </span>
     <span class='ocr_line' id='line_1_3' title="bbox 310 528 1980 636; baseline -0.019 -20"><span class='ocrx_word' id='word_1_18' title='bbox 310 559 435 616; x_wconf 87' lang='lat' dir='ltr'><strong>alterum</strong></span> <span class='ocrx_word' id='word_1_19' title='bbox 451 550 522 636; x_wconf 91' lang='grc' dir='ltr'><em>μήτ’</em></span> <span class='ocrx_word' id='word_1_20' title='bbox 544 556 611 626; x_wconf 87' lang='lat' dir='ltr'><strong>post</strong></span> <span class='ocrx_word' id='word_1_21' title='bbox 632 545 776 609; x_wconf 76' lang='grc' dir='ltr'><em>συνειδότι</em></span> <span class='ocrx_word' id='word_1_22' title='bbox 796 546 981 606; x_wconf 89' lang='lat' dir='ltr'><strong>inserendum</strong></span> <span class='ocrx_word' id='word_1_23' title='bbox 1011 544 1155 615; x_wconf 87' lang='lat' dir='ltr'><strong>videatur,</strong></span> <span class='ocrx_word' id='word_1_24' title='bbox 1183 539 1234 600; x_wconf 92' lang='lat' dir='ltr'><strong>ubi</strong></span> <span class='ocrx_word' id='word_1_25' title='bbox 1263 543 1294 597; x_wconf 89' lang='lat' dir='ltr'><strong>et</strong></span> <span class='ocrx_word' id='word_1_26' title='bbox 1321 534 1459 593; x_wconf 84' lang='lat' dir='ltr'><strong>facillime</strong></span> <span class='ocrx_word' id='word_1_27' title='bbox 1485 531 1631 605; x_wconf 85' lang='lat' dir='ltr'><strong>particula</strong></span> <span class='ocrx_word' id='word_1_28' title='bbox 1659 528 1792 588; x_wconf 81' lang='lat' dir='ltr'><strong>excidere</strong></span> <span class='ocrx_word' id='word_1_29' title='bbox 1820 531 1939 602; x_wconf 89' lang='lat' dir='ltr'><strong>poterat</strong></span> <span class='ocrx_word' id='word_1_30' title='bbox 1965 543 1980 586; x_wconf 89' lang='lat' dir='ltr'><strong>e</strong></span> 
     </span>
    </p>
   </div>
   <div class='ocr_carea' id='block_1_3' title="bbox 295 622 1981 836">
    <p class='ocr_par' dir='ltr' id='par_1_3' title="bbox 295 615 1981 836">
     <span class='ocr_line' id='line_1_4' title="bbox 310 622 1981 722; baseline -0.017 -8"><span class='ocrx_word' id='word_1_31' title='bbox 310 659 422 714; x_wconf 89' lang='lat' dir='ltr'><strong>inserta</strong></span> <span class='ocrx_word' id='word_1_32' title='bbox 443 653 535 712; x_wconf 90' lang='lat' dir='ltr'><strong>multo</strong></span> <span class='ocrx_word' id='word_1_33' title='bbox 557 649 772 722; x_wconf 81' lang='lat' dir='ltr'><strong>concinniorem</strong></span> <span class='ocrx_word' id='word_1_34' title='bbox 793 645 892 706; x_wconf 88' lang='lat' dir='ltr'><strong>reddit</strong></span> <span class='ocrx_word' id='word_1_35' title='bbox 912 643 1096 717; x_wconf 78' lang='lat' dir='ltr'><strong>sententium,</strong></span> <span class='ocrx_word' id='word_1_36' title='bbox 1118 639 1249 714; x_wconf 85' lang='lat' dir='ltr'><strong>quamsi</strong></span> <span class='ocrx_word' id='word_1_37' title='bbox 1270 635 1391 709; x_wconf 79' lang='lat' dir='ltr'><strong>simplex</strong></span> <span class='ocrx_word' id='word_1_38' title='bbox 1408 627 1480 714; x_wconf 86' lang='grc' dir='ltr'><em>μηδ’</em></span> <span class='ocrx_word' id='word_1_39' title='bbox 1503 635 1548 690; x_wconf 90' lang='lat' dir='ltr'><strong>est</strong></span> <span class='ocrx_word' id='word_1_40' title='bbox 1567 635 1634 704; x_wconf 86' lang='lat' dir='ltr'><strong>post</strong></span> <span class='ocrx_word' id='word_1_41' title='bbox 1655 622 1857 710; x_wconf 83' lang='grc' dir='ltr'><em>εἰργασμένῳ,</em></span> <span class='ocrx_word' id='word_1_42' title='bbox 1893 629 1919 686; x_wconf 84' lang='lat' dir='ltr'><strong>si</strong></span> <span class='ocrx_word' id='word_1_43' title='bbox 1933 629 1981 700; x_wconf 91' lang='lat' dir='ltr'><strong>qui</strong></span> 
     </span>
     <span class='ocr_line' id='line_1_5' title="bbox 295 727 1478 836; baseline -0.015 -20"><span class='ocrx_word' id='word_1_44' title='bbox 295 756 375 816; x_wconf 70' lang='lat' dir='ltr'><strong>‘dem</strong></span> <span class='ocrx_word' id='word_1_45' title='bbox 394 750 462 836; x_wconf 86' lang='grc' dir='ltr'><em>μήτ’</em></span> <span class='ocrx_word' id='word_1_46' title='bbox 485 744 671 834; x_wconf 75' lang='grc' dir='ltr'><em>εἰργασμένῳ</em></span> <span class='ocrx_word' id='word_1_47' title='bbox 688 744 758 830; x_wconf 87' lang='grc' dir='ltr'><em>μήτ’</em></span> <span class='ocrx_word' id='word_1_48' title='bbox 780 740 940 830; x_wconf 78' lang='grc' dir='ltr'><em>ήσεβηκότι</em></span> <span class='ocrx_word' id='word_1_49' title='bbox 961 744 1089 818; x_wconf 89' lang='lat' dir='ltr'><strong>pendere</strong></span> <span class='ocrx_word' id='word_1_50' title='bbox 1110 745 1307 801; x_wconf 82' lang='lat' dir='ltr'><strong>statuamusa</strong></span> <span class='ocrx_word' id='word_1_51' title='bbox 1327 727 1478 793; x_wconf 77' lang='grc' dir='ltr'><em>συνειδότι</em></span> 
     </span>
    </p>
   </div>
   <div class='ocr_carea' id='block_1_4' title="bbox 1249 830 1455 853">
    <p class='ocr_par' dir='ltr' id='par_1_4' title="bbox 1249 830 1455 853">
     <span class='ocr_line' id='line_1_6' title="bbox 1249 830 1455 853; baseline 0 -3"><span class='ocrx_word' id='word_1_52' title='bbox 1249 835 1265 850; x_wconf 60' lang='lat' dir='ltr'><em>w</em></span> <span class='ocrx_word' id='word_1_53' title='bbox 1312 830 1319 853; x_wconf 70' lang='grc' dir='ltr'><em>Ι</em></span> <span class='ocrx_word' id='word_1_54' title='bbox 1448 831 1455 844; x_wconf 83' lang='lat'><em>⁰</em></span> 
     </span>
    </p>
   </div>
   <div class='ocr_carea' id='block_1_5' title="bbox 309 829 1992 1826">
    <p class='ocr_par' dir='ltr' id='par_1_5' title="bbox 309 819 1992 1826">
     <span class='ocr_line' id='line_1_7' title="bbox 461 829 1983 924; baseline -0.016 -14"><span class='ocrx_word' id='word_1_55' title='bbox 461 851 510 913; x_wconf 87' lang='lat' dir='ltr'><strong>Or.</strong></span> <span class='ocrx_word' id='word_1_56' title='bbox 520 851 575 924; x_wconf 81' lang='lat' dir='ltr'><strong>VI,</strong></span> <span class='ocrx_word' id='word_1_57' title='bbox 586 853 614 912; x_wconf 80' lang='lat'><strong>4.</strong></span> <span class='ocrx_word' id='word_1_58' title='bbox 636 849 730 920; x_wconf 73' lang='lat' dir='ltr'><strong>Quum</strong></span> <span class='ocrx_word' id='word_1_59' title='bbox 750 847 785 920; x_wconf 83' lang='lat' dir='ltr'><strong>V,</strong></span> <span class='ocrx_word' id='word_1_60' title='bbox 808 851 847 908; x_wconf 99' lang='grc'><strong>87</strong></span> <span class='ocrx_word' id='word_1_61' title='bbox 869 845 984 904; x_wconf 89' lang='lat' dir='ltr'><strong>codices</strong></span> <span class='ocrx_word' id='word_1_62' title='bbox 1005 859 1103 903; x_wconf 86' lang='lat' dir='ltr'><strong>omnes</strong></span> <span class='ocrx_word' id='word_1_63' title='bbox 1124 844 1192 914; x_wconf 88' lang='lat' dir='ltr'><strong>post</strong></span> <span class='ocrx_word' id='word_1_64' title='bbox 1222 855 1265 916; x_wconf 87' lang='grc' dir='ltr'><strong>τιρ</strong></span> <span class='ocrx_word' id='word_1_65' title='bbox 1287 851 1369 913; x_wconf 85' lang='grc' dir='ltr'><em>νυμιρ</em></span> <span class='ocrx_word' id='word_1_66' title='bbox 1397 845 1537 904; x_wconf 67' lang='lat' dir='ltr'><strong>maiorem</strong></span> <span class='ocrx_word' id='word_1_67' title='bbox 1566 829 1695 889; x_wconf 87' lang='lat' dir='ltr'><strong>habeant</strong></span> <span class='ocrx_word' id='word_1_68' title='bbox 1722 829 1983 901; x_wconf 74' lang='lat' dir='ltr'><strong>interpunctionem</strong></span> 
     </span>
     <span class='ocr_line' id='line_1_8' title="bbox 309 924 1984 1018; baseline -0.016 -7"><span class='ocrx_word' id='word_1_69' title='bbox 309 925 365 1011; x_wconf 84' lang='lat' dir='ltr'><strong>boe</strong></span> <span class='ocrx_word' id='word_1_70' title='bbox 385 953 450 1010; x_wconf 90' lang='lat' dir='ltr'><strong>loeo</strong></span> <span class='ocrx_word' id='word_1_71' title='bbox 471 951 604 1011; x_wconf 90' lang='lat' dir='ltr'><strong>meliores</strong></span> <span class='ocrx_word' id='word_1_72' title='bbox 632 948 701 1007; x_wconf 83' lang='lat' dir='ltr'><strong>libri</strong></span> <span class='ocrx_word' id='word_1_73' title='bbox 730 963 789 1006; x_wconf 91' lang='lat' dir='ltr'><strong>non</strong></span> <span class='ocrx_word' id='word_1_74' title='bbox 818 947 910 1005; x_wconf 89' lang='lat' dir='ltr'><strong>solum</strong></span> <span class='ocrx_word' id='word_1_75' title='bbox 938 942 1094 1002; x_wconf 89' lang='lat' dir='ltr'><strong>articulum</strong></span> <span class='ocrx_word' id='word_1_76' title='bbox 1115 937 1159 1018; x_wconf 78' lang='grc' dir='ltr'><strong>τῷ</strong></span> <span class='ocrx_word' id='word_1_77' title='bbox 1180 937 1328 1004; x_wconf 87' lang='lat' dir='ltr'><strong>omittunt,</strong></span> <span class='ocrx_word' id='word_1_78' title='bbox 1351 931 1403 992; x_wconf 89' lang='lat' dir='ltr'><strong>sed</strong></span> <span class='ocrx_word' id='word_1_79' title='bbox 1423 931 1513 990; x_wconf 86' lang='lat' dir='ltr'><strong>etiam</strong></span> <span class='ocrx_word' id='word_1_80' title='bbox 1533 929 1572 988; x_wconf 85' lang='lat' dir='ltr'><strong>ad</strong></span> <span class='ocrx_word' id='word_1_81' title='bbox 1591 945 1691 989; x_wconf 85' lang='lat' dir='ltr'><strong>vocem</strong></span> <span class='ocrx_word' id='word_1_82' title='bbox 1710 924 1793 1008; x_wconf 83' lang='grc' dir='ltr'><em>νόμῳ</em></span> <span class='ocrx_word' id='word_1_83' title='bbox 1805 929 1984 1002; x_wconf 86' lang='lat' dir='ltr'><strong>interpuncti</strong></span> 
     </span>
     <span class='ocr_line' id='line_1_9' title="bbox 311 1023 1985 1128; baseline -0.016 -18"><span class='ocrx_word' id='word_1_84' title='bbox 311 1066 367 1114; x_wconf 88' lang='lat' dir='ltr'><strong>one</strong></span> <span class='ocrx_word' id='word_1_85' title='bbox 388 1051 493 1110; x_wconf 86' lang='lat' dir='ltr'><strong>omissa</strong></span> <span class='ocrx_word' id='word_1_86' title='bbox 513 1049 677 1122; x_wconf 82' lang='lat' dir='ltr'><strong>adjungunt</strong></span> <span class='ocrx_word' id='word_1_87' title='bbox 697 1037 852 1128; x_wconf 77' lang='grc' dir='ltr'><em>εἴργεσθαι</em></span> <span class='ocrx_word' id='word_1_88' title='bbox 874 1039 992 1107; x_wconf 86' lang='grc' dir='ltr'><em>πόλεως</em></span> <span class='ocrx_word' id='word_1_89' title='bbox 1010 1039 1100 1122; x_wconf 81' lang='grc' dir='ltr'><em>ἱερῶν</em></span> <span class='ocrx_word' id='word_1_90' title='bbox 1122 1031 1236 1096; x_wconf 82' lang='grc' dir='ltr'><em>θυσιῶν</em></span> <span class='ocrx_word' id='word_1_91' title='bbox 1257 1030 1384 1112; x_wconf 82' lang='grc' dir='ltr'><em>ἀγώνων</em></span> <span class='ocrx_word' id='word_1_92' title='bbox 1405 1027 1485 1111; x_wconf 81' lang='grc' dir='ltr'><em>ἅπερ</em></span> <span class='ocrx_word' id='word_1_93' title='bbox 1502 1024 1627 1110; x_wconf 84' lang='grc' dir='ltr'><em>μέγιστα</em></span> <span class='ocrx_word' id='word_1_94' title='bbox 1657 1025 1705 1086; x_wconf 81' lang='grc' dir='ltr'><strong>καὶ</strong></span> <span class='ocrx_word' id='word_1_95' title='bbox 1735 1023 1919 1086; x_wconf 83' lang='grc' dir='ltr'><em>παλαιότατα</em></span> <span class='ocrx_word' id='word_1_96' title='bbox 1941 1027 1985 1116; x_wconf 66' lang='grc' dir='ltr'><strong>τοῦ</strong></span> 
     </span>
     <span class='ocr_line' id='line_1_10' title="bbox 311 1123 1986 1232; baseline -0.014 -24"><span class='ocrx_word' id='word_1_97' title='bbox 311 1145 488 1232; x_wconf 84' lang='grc' dir='ltr'><em>ἀνθρώποις.</em></span> <span class='ocrx_word' id='word_1_98' title='bbox 530 1148 597 1208; x_wconf 85' lang='lat' dir='ltr'><strong>Jam</strong></span> <span class='ocrx_word' id='word_1_99' title='bbox 618 1149 643 1206; x_wconf 85' lang='lat' dir='ltr'><strong>si</strong></span> <span class='ocrx_word' id='word_1_100' title='bbox 665 1146 762 1206; x_wconf 86' lang='lat' dir='ltr'><strong>omnia</strong></span> <span class='ocrx_word' id='word_1_101' title='bbox 782 1149 863 1204; x_wconf 89' lang='lat' dir='ltr'><strong>recte</strong></span> <span class='ocrx_word' id='word_1_102' title='bbox 884 1144 928 1203; x_wconf 89' lang='lat' dir='ltr'><strong>ita</strong></span> <span class='ocrx_word' id='word_1_103' title='bbox 949 1158 980 1202; x_wconf 89' lang='lat' dir='ltr'><strong>se</strong></span> <span class='ocrx_word' id='word_1_104' title='bbox 999 1141 1112 1200; x_wconf 92' lang='lat' dir='ltr'><strong>habent</strong></span> <span class='ocrx_word' id='word_1_105' title='bbox 1140 1140 1169 1200; x_wconf 90' lang='lat' dir='ltr'><strong>h.</strong></span> <span class='ocrx_word' id='word_1_106' title='bbox 1190 1139 1219 1210; x_wconf 91' lang='lat' dir='ltr'><strong>l.,</strong></span> <span class='ocrx_word' id='word_1_107' title='bbox 1240 1133 1370 1195; x_wconf 85' lang='lat' dir='ltr'><strong>Blassius</strong></span> <span class='ocrx_word' id='word_1_108' title='bbox 1391 1130 1499 1190; x_wconf 91' lang='lat' dir='ltr'><strong>merito</strong></span> <span class='ocrx_word' id='word_1_109' title='bbox 1528 1134 1597 1203; x_wconf 86' lang='lat' dir='ltr'><strong>post</strong></span> <span class='ocrx_word' id='word_1_110' title='bbox 1624 1123 1689 1208; x_wconf 84' lang='grc' dir='ltr'><em>δι’κη</em></span> <span class='ocrx_word' id='word_1_111' title='bbox 1717 1129 1815 1202; x_wconf 89' lang='lat' dir='ltr'><strong>posuit</strong></span> <span class='ocrx_word' id='word_1_112' title='bbox 1843 1127 1986 1202; x_wconf 80' lang='lat' dir='ltr'><strong>virgulum</strong></span> 
     </span>
     <span class='ocr_line' id='line_1_11' title="bbox 311 1228 1987 1334; baseline -0.014 -25"><span class='ocrx_word' id='word_1_113' title='bbox 311 1257 344 1310; x_wconf 91' lang='lat' dir='ltr'><strong>ut</strong></span> <span class='ocrx_word' id='word_1_114' title='bbox 364 1251 508 1325; x_wconf 86' lang='lat' dir='ltr'><strong>particula</strong></span> <span class='ocrx_word' id='word_1_115' title='bbox 529 1245 578 1308; x_wconf 78' lang='lat' dir='ltr'><strong>xci</strong></span> <span class='ocrx_word' id='word_1_116' title='bbox 598 1248 812 1320; x_wconf 80' lang='lat' dir='ltr'><strong>coniungantur</strong></span> <span class='ocrx_word' id='word_1_117' title='bbox 827 1235 1004 1328; x_wconf 76' lang='grc' dir='ltr'><em>χρήσασθαι</em></span> <span class='ocrx_word' id='word_1_118' title='bbox 1025 1245 1056 1299; x_wconf 91' lang='lat' dir='ltr'><strong>et</strong></span> <span class='ocrx_word' id='word_1_119' title='bbox 1077 1230 1230 1334; x_wconf 71' lang='grc' dir='ltr'><em>εἴργεσθαι</em></span> <span class='ocrx_word' id='word_1_120' title='bbox 1250 1236 1328 1294; x_wconf 87' lang='lat' dir='ltr'><strong>inter</strong></span> <span class='ocrx_word' id='word_1_121' title='bbox 1348 1249 1388 1295; x_wconf 86' lang='lat' dir='ltr'><strong>se.</strong></span> <span class='ocrx_word' id='word_1_122' title='bbox 1430 1232 1568 1290; x_wconf 77' lang='lat' dir='ltr'><strong>Attamen</strong></span> <span class='ocrx_word' id='word_1_123' title='bbox 1590 1228 1793 1302; x_wconf 73' lang='lat' dir='ltr'><strong>dubitaverim,</strong></span> <span class='ocrx_word' id='word_1_124' title='bbox 1824 1246 1893 1287; x_wconf 91' lang='lat' dir='ltr'><strong>uum</strong></span> <span class='ocrx_word' id='word_1_125' title='bbox 1913 1229 1987 1287; x_wconf 77' lang='lat' dir='ltr'><strong>Anti</strong></span> 
     </span>
     <span class='ocr_line' id='line_1_12' title="bbox 313 1325 1988 1424; baseline -0.013 -15"><span class='ocrx_word' id='word_1_126' title='bbox 313 1351 392 1424; x_wconf 89' lang='lat' dir='ltr'><strong>phou</strong></span> <span class='ocrx_word' id='word_1_127' title='bbox 413 1350 475 1424; x_wconf 87' lang='lat' dir='ltr'><strong>ipse</strong></span> <span class='ocrx_word' id='word_1_128' title='bbox 496 1349 591 1408; x_wconf 91' lang='lat' dir='ltr'><strong>locum</strong></span> <span class='ocrx_word' id='word_1_129' title='bbox 611 1347 647 1420; x_wconf 85' lang='lat' dir='ltr'><strong>V,</strong></span> <span class='ocrx_word' id='word_1_130' title='bbox 669 1349 708 1406; x_wconf 93' lang='grc'><strong>87</strong></span> <span class='ocrx_word' id='word_1_131' title='bbox 729 1345 777 1403; x_wconf 86' lang='lat' dir='ltr'><strong>bio</strong></span> <span class='ocrx_word' id='word_1_132' title='bbox 798 1344 841 1402; x_wconf 92' lang='lat' dir='ltr'><strong>sic</strong></span> <span class='ocrx_word' id='word_1_133' title='bbox 860 1341 1032 1412; x_wconf 84' lang='lat' dir='ltr'><strong>motaverit3</strong></span> <span class='ocrx_word' id='word_1_134' title='bbox 1055 1345 1144 1412; x_wconf 88' lang='lat' dir='ltr'><strong>atque</strong></span> <span class='ocrx_word' id='word_1_135' title='bbox 1164 1349 1251 1410; x_wconf 90' lang='lat' dir='ltr'><strong>quum</strong></span> <span class='ocrx_word' id='word_1_136' title='bbox 1271 1335 1406 1394; x_wconf 84' lang='lat' dir='ltr'><strong>universe</strong></span> <span class='ocrx_word' id='word_1_137' title='bbox 1427 1331 1464 1392; x_wconf 88' lang='lat' dir='ltr'><strong>de</strong></span> <span class='ocrx_word' id='word_1_138' title='bbox 1484 1330 1583 1390; x_wconf 81' lang='lat' dir='ltr'><strong>caedis</strong></span> <span class='ocrx_word' id='word_1_139' title='bbox 1603 1329 1705 1402; x_wconf 74' lang='lat' dir='ltr'><strong>musis,</strong></span> <span class='ocrx_word' id='word_1_140' title='bbox 1728 1346 1787 1389; x_wconf 89' lang='lat' dir='ltr'><strong>uon</strong></span> <span class='ocrx_word' id='word_1_141' title='bbox 1805 1329 1841 1388; x_wconf 87' lang='lat' dir='ltr'><strong>dc</strong></span> <span class='ocrx_word' id='word_1_142' title='bbox 1863 1344 1915 1388; x_wconf 87' lang='lat' dir='ltr'><strong>sua</strong></span> <span class='ocrx_word' id='word_1_143' title='bbox 1936 1325 1988 1388; x_wconf 74' lang='lat' dir='ltr'><strong>solt</strong></span> 
     </span>
     <span class='ocr_line' id='line_1_13' title="bbox 311 1422 1989 1523; baseline -0.013 -15"><span class='ocrx_word' id='word_1_144' title='bbox 311 1452 449 1523; x_wconf 88' lang='lat' dir='ltr'><strong>loquatur</strong></span> <span class='ocrx_word' id='word_1_145' title='bbox 471 1465 546 1521; x_wconf 89' lang='lat' dir='ltr'><strong>reus,</strong></span> <span class='ocrx_word' id='word_1_146' title='bbox 574 1447 672 1520; x_wconf 89' lang='lat' dir='ltr'><strong>potius</strong></span> <span class='ocrx_word' id='word_1_147' title='bbox 702 1443 874 1518; x_wconf 90' lang='lat' dir='ltr'><strong>supplicium</strong></span> <span class='ocrx_word' id='word_1_148' title='bbox 902 1441 1053 1500; x_wconf 90' lang='lat' dir='ltr'><strong>imminere</strong></span> <span class='ocrx_word' id='word_1_149' title='bbox 1083 1439 1228 1498; x_wconf 89' lang='lat' dir='ltr'><strong>dicturum</strong></span> <span class='ocrx_word' id='word_1_150' title='bbox 1258 1451 1323 1494; x_wconf 92' lang='lat' dir='ltr'><strong>eum</strong></span> <span class='ocrx_word' id='word_1_151' title='bbox 1352 1431 1440 1491; x_wconf 84' lang='lat' dir='ltr'><strong>fuisse</strong></span> <span class='ocrx_word' id='word_1_152' title='bbox 1470 1431 1706 1504; x_wconf 77' lang='lat' dir='ltr'><strong>exspectaverim,</strong></span> <span class='ocrx_word' id='word_1_153' title='bbox 1729 1445 1815 1502; x_wconf 88' lang='lat' dir='ltr'><strong>quam</strong></span> <span class='ocrx_word' id='word_1_154' title='bbox 1845 1422 1989 1510; x_wconf 73' lang='grc' dir='ltr'><em>εήιγεσθα</em></span> 
     </span>
     <span class='ocr_line' id='line_1_14' title="bbox 313 1528 1990 1622; baseline -0.013 -15"><span class='ocrx_word' id='word_1_155' title='bbox 313 1545 434 1614; x_wconf 85' lang='grc' dir='ltr'><em>πόλεως.</em></span> <span class='ocrx_word' id='word_1_156' title='bbox 476 1547 614 1606; x_wconf 77' lang='lat' dir='ltr'><strong>Forsitan</strong></span> <span class='ocrx_word' id='word_1_157' title='bbox 634 1545 664 1606; x_wconf 94' lang='lat' dir='ltr'><strong>h.</strong></span> <span class='ocrx_word' id='word_1_158' title='bbox 685 1545 705 1606; x_wconf 94' lang='lat' dir='ltr'><strong>l.</strong></span> <span class='ocrx_word' id='word_1_159' title='bbox 727 1542 911 1602; x_wconf 91' lang='lat' dir='ltr'><strong>scribendum</strong></span> <span class='ocrx_word' id='word_1_160' title='bbox 932 1542 971 1600; x_wconf 89' lang='lat' dir='ltr'><strong>sit</strong></span> <span class='ocrx_word' id='word_1_161' title='bbox 992 1539 1029 1622; x_wconf 78' lang='grc' dir='ltr'><strong>τῇ</strong></span> <span class='ocrx_word' id='word_1_162' title='bbox 1050 1534 1116 1619; x_wconf 75' lang='grc' dir='ltr'><em>δι’κη</em></span> <span class='ocrx_word' id='word_1_163' title='bbox 1139 1533 1186 1595; x_wconf 78' lang='grc' dir='ltr'><strong>καὶ</strong></span> <span class='ocrx_word' id='word_1_164' title='bbox 1208 1533 1259 1615; x_wconf 82' lang='grc' dir='ltr'><strong>τῷ</strong></span> <span class='ocrx_word' id='word_1_165' title='bbox 1280 1531 1362 1613; x_wconf 85' lang='grc' dir='ltr'><em>νόμῳ</em></span> <span class='ocrx_word' id='word_1_166' title='bbox 1384 1534 1501 1605; x_wconf 89' lang='lat' dir='ltr'><strong>etpost</strong></span> <span class='ocrx_word' id='word_1_167' title='bbox 1526 1530 1599 1588; x_wconf 86' lang='lat' dir='ltr'><strong>haec</strong></span> <span class='ocrx_word' id='word_1_168' title='bbox 1628 1530 1739 1602; x_wconf 88' lang='lat' dir='ltr'><strong>majore</strong></span> <span class='ocrx_word' id='word_1_169' title='bbox 1764 1528 1990 1603; x_wconf 78' lang='lat' dir='ltr'><strong>interpunctiont</strong></span> 
     </span>
     <span class='ocr_line' id='line_1_15' title="bbox 312 1628 1991 1723; baseline -0.012 -16"><span class='ocrx_word' id='word_1_170' title='bbox 312 1649 411 1722; x_wconf 89' lang='lat' dir='ltr'><strong>posita</strong></span> <span class='ocrx_word' id='word_1_171' title='bbox 432 1645 610 1720; x_wconf 80' lang='lat' dir='ltr'><strong>pergendum</strong></span> <span class='ocrx_word' id='word_1_172' title='bbox 632 1642 729 1702; x_wconf 90' lang='lat' dir='ltr'><strong>verbis</strong></span> <span class='ocrx_word' id='word_1_173' title='bbox 751 1636 896 1723; x_wconf 80' lang='grc' dir='ltr'><em>τοσαύτην</em></span> <span class='ocrx_word' id='word_1_174' title='bbox 918 1635 976 1722; x_wconf 84' lang='grc' dir='ltr'><strong>γὰρ</strong></span> <span class='ocrx_word' id='word_1_175' title='bbox 997 1634 1127 1718; x_wconf 86' lang='grc' dir='ltr'><em>ἀνάγκην</em></span> <span class='ocrx_word' id='word_1_176' title='bbox 1141 1629 1609 1714; x_wconf 72' lang='lat' dir='ltr'><strong>....tvrq3r‹mq‚ueniquepost</strong></span> <span class='ocrx_word' id='word_1_177' title='bbox 1624 1629 1697 1688; x_wconf 88' lang='lat' dir='ltr'><strong>haee</strong></span> <span class='ocrx_word' id='word_1_178' title='bbox 1711 1628 1824 1688; x_wconf 92' lang='lat' dir='ltr'><strong>demum</strong></span> <span class='ocrx_word' id='word_1_179' title='bbox 1845 1629 1991 1716; x_wconf 68' lang='lat' dir='ltr'><strong>inserenda</strong></span> 
     </span>
     <span class='ocr_line' id='line_1_16' title="bbox 311 1719 1992 1826; baseline -0.012 -20"><span class='ocrx_word' id='word_1_180' title='bbox 311 1747 402 1806; x_wconf 90' lang='lat' dir='ltr'><strong>verba</strong></span> <span class='ocrx_word' id='word_1_181' title='bbox 423 1736 577 1826; x_wconf 76' lang='grc' dir='ltr'><em>εἴργεσθαι</em></span> <span class='ocrx_word' id='word_1_182' title='bbox 599 1739 716 1807; x_wconf 84' lang='grc' dir='ltr'><em>πόλεως</em></span> <span class='ocrx_word' id='word_1_183' title='bbox 734 1785 741 1800; x_wconf 96' lang='grc'><strong><em>.</em></strong></span> <span class='ocrx_word' id='word_1_184' title='bbox 764 1785 772 1800; x_wconf 93' lang='grc'><strong>.</strong></span> <span class='ocrx_word' id='word_1_185' title='bbox 794 1785 802 1800; x_wconf 93' lang='grc'><strong>.</strong></span> <span class='ocrx_word' id='word_1_186' title='bbox 824 1785 832 1800; x_wconf 95' lang='grc'><strong>.</strong></span> <span class='ocrx_word' id='word_1_187' title='bbox 854 1735 1032 1822; x_wconf 83' lang='grc' dir='ltr'><em>ἀνθρώποις.</em></span> <span class='ocrx_word' id='word_1_188' title='bbox 1054 1734 1287 1814; x_wconf 84' lang='lat' dir='ltr'><strong>(abstinebit</strong></span> <span class='ocrx_word' id='word_1_189' title='bbox 1311 1733 1376 1808; x_wconf 91' lang='lat' dir='ltr'><strong>[sua</strong></span> <span class='ocrx_word' id='word_1_190' title='bbox 1397 1730 1522 1807; x_wconf 89' lang='lat' dir='ltr'><strong>sponte],</strong></span> <span class='ocrx_word' id='word_1_191' title='bbox 1543 1747 1561 1788; x_wconf 92' lang='lat' dir='ltr'><strong>a</strong></span> <span class='ocrx_word' id='word_1_192' title='bbox 1581 1728 1722 1802; x_wconf 91' lang='lat' dir='ltr'><strong>quibus</strong></span> <span class='ocrx_word' id='word_1_193' title='bbox 1746 1733 1787 1786; x_wconf 89' lang='lat' dir='ltr'><strong>ut</strong></span> <span class='ocrx_word' id='word_1_194' title='bbox 1816 1719 1992 1812; x_wconf 62' lang='lat' dir='ltr'><strong>arceatui</strong></span> 
     </span>
    </p>
   </div>
   <div class='ocr_carea' id='block_1_6' title="bbox 312 1813 1993 1918">
    <p class='ocr_par' dir='ltr' id='par_1_6' title="bbox 312 1813 1993 1918">
     <span class='ocr_line' id='line_1_17' title="bbox 312 1813 1993 1918; baseline -0.005 -15"><span class='ocrx_word' id='word_1_195' title='bbox 312 1846 399 1918; x_wconf 82' lang='lat' dir='ltr'><strong>lege</strong></span> <span class='ocrx_word' id='word_1_196' title='bbox 419 1844 700 1917; x_wconf 88' lang='lat' dir='ltr'><strong>praescriptum</strong></span> <span class='ocrx_word' id='word_1_197' title='bbox 722 1847 798 1914; x_wconf 89' lang='lat' dir='ltr'><strong>est,</strong></span> <span class='ocrx_word' id='word_1_198' title='bbox 820 1841 913 1898; x_wconf 89' lang='lat' dir='ltr'><strong>urbe</strong></span> <span class='ocrx_word' id='word_1_199' title='bbox 935 1837 1025 1914; x_wconf 85' lang='lat' dir='ltr'><strong>cett).</strong></span> <span class='ocrx_word' id='word_1_200' title='bbox 1990 1813 1993 1896; x_wconf 75' lang='grc' dir='ltr'><em>λ</em></span> 
     </span>
    </p>
   </div>
   <div class='ocr_carea' id='block_1_7' title="bbox 309 1897 2005 4907">
    <p class='ocr_par' dir='ltr' id='par_1_7' title="bbox 309 1897 2005 3512">
     <span class='ocr_line' id='line_1_18' title="bbox 463 1897 1994 2019; baseline -0.011 -18"><span class='ocrx_word' id='word_1_201' title='bbox 463 1942 511 2004; x_wconf 89' lang='lat' dir='ltr'><strong>Or.</strong></span> <span class='ocrx_word' id='word_1_202' title='bbox 521 1942 570 2015; x_wconf 84' lang='lat' dir='ltr'><strong>VI,</strong></span> <span class='ocrx_word' id='word_1_203' title='bbox 582 1943 609 2002; x_wconf 89' lang='lat'><strong>5.</strong></span> <span class='ocrx_word' id='word_1_204' title='bbox 630 1940 729 2000; x_wconf 87' lang='lat' dir='ltr'><strong>Verba</strong></span> <span class='ocrx_word' id='word_1_205' title='bbox 738 1936 851 2019; x_wconf 80' lang='grc' dir='ltr'><em>ἀνάγκη</em></span> <span class='ocrx_word' id='word_1_206' title='bbox 869 1935 905 1998; x_wconf 84' lang='grc' dir='ltr'><strong>δὲ</strong></span> <span class='ocrx_word' id='word_1_207' title='bbox 920 1937 972 2019; x_wconf 78' lang='grc' dir='ltr'><strong>τῆς</strong></span> <span class='ocrx_word' id='word_1_208' title='bbox 991 1955 1023 1995; x_wconf 81' lang='grc' dir='ltr'><strong>τε</strong></span> <span class='ocrx_word' id='word_1_209' title='bbox 1045 1930 1129 2016; x_wconf 84' lang='grc' dir='ltr'><em>δίκης</em></span> <span class='ocrx_word' id='word_1_210' title='bbox 1148 1926 1282 1991; x_wconf 82' lang='grc' dir='ltr'><em>νικᾶσθαι</em></span> <span class='ocrx_word' id='word_1_211' title='bbox 1304 1926 1386 2012; x_wconf 86' lang='grc' dir='ltr'><em>παρὰ</em></span> <span class='ocrx_word' id='word_1_212' title='bbox 1409 1921 1660 2011; x_wconf 81' lang='grc' dir='ltr'><em>τδάληθὲςαῦτοῦ</em></span> <span class='ocrx_word' id='word_1_213' title='bbox 1675 1946 1707 1985; x_wconf 92' lang='grc' dir='ltr'><strong>τε</strong></span> <span class='ocrx_word' id='word_1_214' title='bbox 1718 1925 1767 1986; x_wconf 93' lang='grc' dir='ltr'><strong>τοῦ</strong></span> <span class='ocrx_word' id='word_1_215' title='bbox 1782 1919 1921 2009; x_wconf 88' lang='grc' dir='ltr'><em>ἀληθοῦς,</em></span> <span class='ocrx_word' id='word_1_216' title='bbox 1944 1897 1994 2011; x_wconf 60' lang='lat' dir='ltr'><strong>ndi</strong></span> 
     </span>
     <span class='ocr_line' id='line_1_19' title="bbox 309 2011 1994 2124; baseline -0.007 -27"><span class='ocrx_word' id='word_1_217' title='bbox 309 2037 353 2122; x_wconf 82' lang='grc' dir='ltr'><strong>μή</strong></span> <span class='ocrx_word' id='word_1_218' title='bbox 375 2039 392 2097; x_wconf 89' lang='grc' dir='ltr'><em>ό</em></span> <span class='ocrx_word' id='word_1_219' title='bbox 415 2037 589 2124; x_wconf 90' lang='grc' dir='ltr'><em>τιμωρήσων</em></span> <span class='ocrx_word' id='word_1_220' title='bbox 609 2026 628 2122; x_wconf 76' lang='grc' dir='ltr'><em>ᾖ</em></span> <span class='ocrx_word' id='word_1_221' title='bbox 649 2041 679 2097; x_wconf 94' lang='lat' dir='ltr'><strong>in</strong></span> <span class='ocrx_word' id='word_1_222' title='bbox 701 2040 765 2097; x_wconf 88' lang='lat' dir='ltr'><strong>loco</strong></span> <span class='ocrx_word' id='word_1_223' title='bbox 787 2037 902 2112; x_wconf 83' lang='lat' dir='ltr'><strong>gemino</strong></span> <span class='ocrx_word' id='word_1_224' title='bbox 924 2035 972 2112; x_wconf 90' lang='lat' dir='ltr'><strong>(V,</strong></span> <span class='ocrx_word' id='word_1_225' title='bbox 995 2039 1033 2095; x_wconf 85' lang='lat'><strong>87</strong></span> <span class='ocrx_word' id='word_1_226' title='bbox 1055 2033 1117 2110; x_wconf 85' lang='lat' dir='ltr'><strong>fin.)</strong></span> <span class='ocrx_word' id='word_1_227' title='bbox 1138 2033 1181 2091; x_wconf 91' lang='lat' dir='ltr'><strong>ita</strong></span> <span class='ocrx_word' id='word_1_228' title='bbox 1200 2033 1350 2106; x_wconf 84' lang='lat' dir='ltr'><strong>leguntur:</strong></span> <span class='ocrx_word' id='word_1_229' title='bbox 1371 2026 1484 2111; x_wconf 87' lang='grc' dir='ltr'><em>ἀνάγκη</em></span> <span class='ocrx_word' id='word_1_230' title='bbox 1506 2024 1542 2087; x_wconf 83' lang='grc' dir='ltr'><strong>δὲ</strong></span> <span class='ocrx_word' id='word_1_231' title='bbox 1571 2027 1625 2110; x_wconf 82' lang='grc' dir='ltr'><strong>τῆς</strong></span> <span class='ocrx_word' id='word_1_232' title='bbox 1643 2022 1727 2109; x_wconf 91' lang='grc' dir='ltr'><em>δι’κης</em></span> <span class='ocrx_word' id='word_1_233' title='bbox 1756 2020 1890 2085; x_wconf 82' lang='grc' dir='ltr'><em>νικᾶσθαι</em></span> <span class='ocrx_word' id='word_1_234' title='bbox 1920 2011 1994 2110; x_wconf 83' lang='grc' dir='ltr'><em>παρδ</em></span> 
     </span>
     <span class='ocr_line' id='line_1_20' title="bbox 315 2117 1984 2223; baseline -0.007 -22"><span class='ocrx_word' id='word_1_235' title='bbox 315 2140 348 2201; x_wconf 87' lang='grc' dir='ltr'><strong>τὸ</strong></span> <span class='ocrx_word' id='word_1_236' title='bbox 369 2134 485 2223; x_wconf 84' lang='grc' dir='ltr'><em>ἀληθὲς</em></span> <span class='ocrx_word' id='word_1_237' title='bbox 503 2135 593 2199; x_wconf 77' lang='grc' dir='ltr'><em>αὐτοῦ</em></span> <span class='ocrx_word' id='word_1_238' title='bbox 616 2158 648 2199; x_wconf 86' lang='grc' dir='ltr'><strong>τε</strong></span> <span class='ocrx_word' id='word_1_239' title='bbox 671 2137 721 2198; x_wconf 88' lang='grc' dir='ltr'><strong>τοῦ</strong></span> <span class='ocrx_word' id='word_1_240' title='bbox 742 2130 883 2219; x_wconf 90' lang='grc' dir='ltr'><em>ἀληθοῦς,</em></span> <span class='ocrx_word' id='word_1_241' title='bbox 906 2130 1039 2199; x_wconf 85' lang='grc' dir='ltr'><em>ἄλλως</em></span> <span class='ocrx_word' id='word_1_242' title='bbox 1058 2151 1097 2192; x_wconf 89' lang='grc' dir='ltr'><strong>τε</strong></span> <span class='ocrx_word' id='word_1_243' title='bbox 1119 2130 1168 2191; x_wconf 72' lang='grc' dir='ltr'><strong>καὶ</strong></span> <span class='ocrx_word' id='word_1_244' title='bbox 1190 2127 1243 2190; x_wconf 82' lang='grc' dir='ltr'><strong>ἐὰν</strong></span> <span class='ocrx_word' id='word_1_245' title='bbox 1259 2127 1303 2211; x_wconf 84' lang='grc' dir='ltr'><strong>μή</strong></span> <span class='ocrx_word' id='word_1_246' title='bbox 1323 2117 1344 2213; x_wconf 76' lang='grc' dir='ltr'><em>ᾗ</em></span> <span class='ocrx_word' id='word_1_247' title='bbox 1365 2127 1382 2186; x_wconf 87' lang='grc' dir='ltr'><em>ό</em></span> <span class='ocrx_word' id='word_1_248' title='bbox 1404 2125 1580 2212; x_wconf 90' lang='grc' dir='ltr'><em>τιμωρήσων</em></span> <span class='ocrx_word' id='word_1_249' title='bbox 1586 2144 1599 2193; x_wconf 87' lang='lat'><strong>,·</strong></span> <span class='ocrx_word' id='word_1_250' title='bbox 1620 2132 1707 2200; x_wconf 89' lang='lat' dir='ltr'><strong>atque</strong></span> <span class='ocrx_word' id='word_1_251' title='bbox 1730 2128 1808 2201; x_wconf 91' lang='lat' dir='ltr'><strong>quod</strong></span> <span class='ocrx_word' id='word_1_252' title='bbox 1830 2129 1923 2190; x_wconf 89' lang='lat' dir='ltr'><strong>altero</strong></span> <span class='ocrx_word' id='word_1_253' title='bbox 1938 2130 1984 2190; x_wconf 86' lang='lat' dir='ltr'><strong>loc</strong></span> 
     </span>
     <span class='ocr_line' id='line_1_21' title="bbox 312 2219 1996 2324; baseline -0.006 -25"><span class='ocrx_word' id='word_1_254' title='bbox 312 2228 332 2324; x_wconf 79' lang='grc' dir='ltr'><strong><em>ᾖ</em></strong></span> <span class='ocrx_word' id='word_1_255' title='bbox 353 2246 431 2313; x_wconf 91' lang='lat' dir='ltr'><strong>aute,</strong></span> <span class='ocrx_word' id='word_1_256' title='bbox 441 2241 535 2300; x_wconf 88' lang='lat' dir='ltr'><strong>altero</strong></span> <span class='ocrx_word' id='word_1_257' title='bbox 556 2244 624 2313; x_wconf 89' lang='lat' dir='ltr'><strong>post</strong></span> <span class='ocrx_word' id='word_1_258' title='bbox 646 2235 663 2296; x_wconf 90' lang='grc' dir='ltr'><em>ό</em></span> <span class='ocrx_word' id='word_1_259' title='bbox 686 2232 861 2320; x_wconf 71' lang='grc' dir='ltr'><em>τιμωρήσων</em></span> <span class='ocrx_word' id='word_1_260' title='bbox 883 2234 1022 2293; x_wconf 87' lang='lat' dir='ltr'><strong>scribitur</strong></span> <span class='ocrx_word' id='word_1_261' title='bbox 1044 2239 1073 2292; x_wconf 90' lang='lat' dir='ltr'><strong>et</strong></span> <span class='ocrx_word' id='word_1_262' title='bbox 1095 2232 1171 2305; x_wconf 91' lang='lat' dir='ltr'><strong>quod</strong></span> <span class='ocrx_word' id='word_1_263' title='bbox 1193 2233 1288 2292; x_wconf 90' lang='lat' dir='ltr'><strong>altero</strong></span> <span class='ocrx_word' id='word_1_264' title='bbox 1310 2232 1376 2291; x_wconf 87' lang='lat' dir='ltr'><strong>loco</strong></span> <span class='ocrx_word' id='word_1_265' title='bbox 1398 2235 1442 2288; x_wconf 91' lang='lat' dir='ltr'><strong>est</strong></span> <span class='ocrx_word' id='word_1_266' title='bbox 1464 2223 1527 2302; x_wconf 81' lang='grc' dir='ltr'><strong>κᾶν,</strong></span> <span class='ocrx_word' id='word_1_267' title='bbox 1559 2228 1654 2288; x_wconf 90' lang='lat' dir='ltr'><strong>altero</strong></span> <span class='ocrx_word' id='word_1_268' title='bbox 1676 2225 1724 2285; x_wconf 81' lang='grc' dir='ltr'><strong>καὶ</strong></span> <span class='ocrx_word' id='word_1_269' title='bbox 1739 2221 1801 2298; x_wconf 83' lang='grc' dir='ltr'><em>ἐὰν,</em></span> <span class='ocrx_word' id='word_1_270' title='bbox 1816 2229 1872 2287; x_wconf 92' lang='lat' dir='ltr'><strong>hoc</strong></span> <span class='ocrx_word' id='word_1_271' title='bbox 1887 2219 1996 2302; x_wconf 75' lang='lat' dir='ltr'><strong>quidem</strong></span> 
     </span>
     <span class='ocr_line' id='line_1_22' title="bbox 313 2297 1998 2430; baseline -0.005 -33"><span class='ocrx_word' id='word_1_272' title='bbox 313 2356 399 2412; x_wconf 87' lang='lat' dir='ltr'><strong>quum</strong></span> <span class='ocrx_word' id='word_1_273' title='bbox 420 2340 494 2398; x_wconf 92' lang='lat' dir='ltr'><strong>nihil</strong></span> <span class='ocrx_word' id='word_1_274' title='bbox 514 2337 627 2397; x_wconf 88' lang='lat' dir='ltr'><strong>referre</strong></span> <span class='ocrx_word' id='word_1_275' title='bbox 647 2337 790 2410; x_wconf 90' lang='lat' dir='ltr'><strong>videatur,</strong></span> <span class='ocrx_word' id='word_1_276' title='bbox 813 2339 937 2410; x_wconf 88' lang='lat' dir='ltr'><strong>apparet</strong></span> <span class='ocrx_word' id='word_1_277' title='bbox 958 2333 1121 2408; x_wconf 78' lang='lat' dir='ltr'><strong>gravissimi</strong></span> <span class='ocrx_word' id='word_1_278' title='bbox 1142 2332 1279 2392; x_wconf 82' lang='lat' dir='ltr'><strong>momenti</strong></span> <span class='ocrx_word' id='word_1_279' title='bbox 1301 2346 1371 2403; x_wconf 90' lang='lat' dir='ltr'><strong>esse,</strong></span> <span class='ocrx_word' id='word_1_280' title='bbox 1394 2334 1491 2388; x_wconf 90' lang='lat' dir='ltr'><strong>utrum</strong></span> <span class='ocrx_word' id='word_1_281' title='bbox 1512 2329 1589 2386; x_wconf 92' lang='lat' dir='ltr'><strong>iuter</strong></span> <span class='ocrx_word' id='word_1_282' title='bbox 1611 2325 1665 2408; x_wconf 76' lang='grc' dir='ltr'><strong>τῆς</strong></span> <span class='ocrx_word' id='word_1_283' title='bbox 1683 2332 1713 2386; x_wconf 90' lang='lat' dir='ltr'><strong>et</strong></span> <span class='ocrx_word' id='word_1_284' title='bbox 1727 2322 1812 2406; x_wconf 87' lang='grc' dir='ltr'><em>δίκης</em></span> <span class='ocrx_word' id='word_1_285' title='bbox 1829 2328 1954 2388; x_wconf 80' lang='lat' dir='ltr'><strong>addatur</strong></span> <span class='ocrx_word' id='word_1_286' title='bbox 1969 2297 1998 2430; x_wconf 62' lang='grc' dir='ltr'><strong>τέ</strong></span> 
     </span>
     <span class='ocr_line' id='line_1_23' title="bbox 314 2423 1998 2512; baseline -0.006 -14"><span class='ocrx_word' id='word_1_287' title='bbox 314 2445 401 2512; x_wconf 90' lang='lat' dir='ltr'><strong>atque</strong></span> <span class='ocrx_word' id='word_1_288' title='bbox 423 2444 491 2497; x_wconf 87' lang='lat' dir='ltr'><strong>ante</strong></span> <span class='ocrx_word' id='word_1_289' title='bbox 513 2435 561 2497; x_wconf 78' lang='grc' dir='ltr'><strong>καὶ</strong></span> <span class='ocrx_word' id='word_1_290' title='bbox 582 2432 635 2496; x_wconf 80' lang='grc' dir='ltr'><strong>ἐὰν</strong></span> <span class='ocrx_word' id='word_1_291' title='bbox 655 2438 803 2496; x_wconf 89' lang='lat' dir='ltr'><strong>inseratur</strong></span> <span class='ocrx_word' id='word_1_292' title='bbox 825 2429 927 2499; x_wconf 81' lang='grc' dir='ltr'><em>ἄλλως</em></span> <span class='ocrx_word' id='word_1_293' title='bbox 945 2452 986 2504; x_wconf 88' lang='grc' dir='ltr'><strong>τε,</strong></span> <span class='ocrx_word' id='word_1_294' title='bbox 1008 2449 1108 2494; x_wconf 90' lang='lat' dir='ltr'><strong>neone.</strong></span> <span class='ocrx_word' id='word_1_295' title='bbox 1150 2433 1216 2492; x_wconf 86' lang='lat' dir='ltr'><strong>Jam</strong></span> <span class='ocrx_word' id='word_1_296' title='bbox 1238 2447 1293 2506; x_wconf 82' lang='lat' dir='ltr'><strong>ego</strong></span> <span class='ocrx_word' id='word_1_297' title='bbox 1314 2429 1459 2489; x_wconf 81' lang='lat' dir='ltr'><strong>Blossium</strong></span> <span class='ocrx_word' id='word_1_298' title='bbox 1481 2445 1524 2490; x_wconf 90' lang='lat' dir='ltr'><strong>or.</strong></span> <span class='ocrx_word' id='word_1_299' title='bbox 1545 2427 1580 2501; x_wconf 87' lang='lat' dir='ltr'><strong>V,</strong></span> <span class='ocrx_word' id='word_1_300' title='bbox 1603 2431 1642 2487; x_wconf 92' lang='grc'><strong>87</strong></span> <span class='ocrx_word' id='word_1_301' title='bbox 1663 2432 1744 2486; x_wconf 89' lang='lat' dir='ltr'><strong>recte</strong></span> <span class='ocrx_word' id='word_1_302' title='bbox 1760 2433 1828 2488; x_wconf 90' lang='lat' dir='ltr'><strong>ante</strong></span> <span class='ocrx_word' id='word_1_303' title='bbox 1857 2423 1941 2512; x_wconf 80' lang='grc' dir='ltr'><em>δίκης</em></span> <span class='ocrx_word' id='word_1_304' title='bbox 1959 2430 1998 2508; x_wconf 66' lang='lat' dir='ltr'><strong>int</strong></span> 
     </span>
     <span class='ocr_line' id='line_1_24' title="bbox 313 2509 1999 2614; baseline -0.003 -18"><span class='ocrx_word' id='word_1_305' title='bbox 313 2538 438 2596; x_wconf 90' lang='lat' dir='ltr'><strong>seruisse</strong></span> <span class='ocrx_word' id='word_1_306' title='bbox 459 2553 563 2597; x_wconf 81' lang='lat' dir='ltr'><strong>censeo</strong></span> <span class='ocrx_word' id='word_1_307' title='bbox 586 2555 627 2610; x_wconf 90' lang='grc' dir='ltr'><strong>τε,</strong></span> <span class='ocrx_word' id='word_1_308' title='bbox 650 2552 707 2595; x_wconf 92' lang='lat' dir='ltr'><strong>nou</strong></span> <span class='ocrx_word' id='word_1_309' title='bbox 728 2540 809 2594; x_wconf 89' lang='lat' dir='ltr'><strong>recte</strong></span> <span class='ocrx_word' id='word_1_310' title='bbox 830 2535 980 2594; x_wconf 89' lang='lat' dir='ltr'><strong>seclusisse</strong></span> <span class='ocrx_word' id='word_1_311' title='bbox 1001 2527 1102 2597; x_wconf 82' lang='grc' dir='ltr'><em>ἄλλως</em></span> <span class='ocrx_word' id='word_1_312' title='bbox 1121 2549 1162 2603; x_wconf 88' lang='grc' dir='ltr'><strong>τε,</strong></span> <span class='ocrx_word' id='word_1_313' title='bbox 1184 2549 1258 2606; x_wconf 88' lang='lat' dir='ltr'><strong>quae</strong></span> <span class='ocrx_word' id='word_1_314' title='bbox 1279 2532 1378 2606; x_wconf 88' lang='lat' dir='ltr'><strong>potius</strong></span> <span class='ocrx_word' id='word_1_315' title='bbox 1400 2534 1501 2589; x_wconf 90' lang='lat' dir='ltr'><strong>nostro</strong></span> <span class='ocrx_word' id='word_1_316' title='bbox 1522 2530 1587 2588; x_wconf 91' lang='lat' dir='ltr'><strong>loco</strong></span> <span class='ocrx_word' id='word_1_317' title='bbox 1609 2529 1765 2588; x_wconf 87' lang='lat' dir='ltr'><strong>inserenda</strong></span> <span class='ocrx_word' id='word_1_318' title='bbox 1785 2545 1848 2588; x_wconf 92' lang='lat' dir='ltr'><strong>esse</strong></span> <span class='ocrx_word' id='word_1_319' title='bbox 1869 2531 1940 2588; x_wconf 91' lang='lat' dir='ltr'><strong>mihi</strong></span> <span class='ocrx_word' id='word_1_320' title='bbox 1961 2509 1999 2614; x_wconf 48' lang='lat' dir='ltr'><strong>nil,</strong></span> 
     </span>
     <span class='ocr_line' id='line_1_25' title="bbox 315 2615 2000 2714; baseline -0.003 -19"><span class='ocrx_word' id='word_1_321' title='bbox 315 2638 429 2700; x_wconf 90' lang='lat' dir='ltr'><strong>dentur.</strong></span> <span class='ocrx_word' id='word_1_322' title='bbox 471 2636 582 2695; x_wconf 83' lang='lat' dir='ltr'><strong>Addita</strong></span> <span class='ocrx_word' id='word_1_323' title='bbox 603 2637 680 2696; x_wconf 91' lang='lat' dir='ltr'><strong>enim</strong></span> <span class='ocrx_word' id='word_1_324' title='bbox 700 2635 846 2710; x_wconf 87' lang='lat' dir='ltr'><strong>particula</strong></span> <span class='ocrx_word' id='word_1_325' title='bbox 868 2653 900 2692; x_wconf 83' lang='grc' dir='ltr'><strong>τε</strong></span> <span class='ocrx_word' id='word_1_326' title='bbox 921 2639 989 2693; x_wconf 87' lang='lat' dir='ltr'><strong>aute</strong></span> <span class='ocrx_word' id='word_1_327' title='bbox 1011 2627 1095 2714; x_wconf 83' lang='grc' dir='ltr'><em>δίκης</em></span> <span class='ocrx_word' id='word_1_328' title='bbox 1113 2632 1186 2694; x_wconf 92' lang='lat' dir='ltr'><strong>satis</strong></span> <span class='ocrx_word' id='word_1_329' title='bbox 1207 2635 1333 2706; x_wconf 89' lang='lat' dir='ltr'><strong>apparet</strong></span> <span class='ocrx_word' id='word_1_330' title='bbox 1352 2629 1444 2688; x_wconf 87' lang='lat' dir='ltr'><strong>verba</strong></span> <span class='ocrx_word' id='word_1_331' title='bbox 1465 2623 1555 2687; x_wconf 83' lang='grc' dir='ltr'><em>αὐτοῦ</em></span> <span class='ocrx_word' id='word_1_332' title='bbox 1578 2645 1610 2686; x_wconf 90' lang='grc' dir='ltr'><strong>τε</strong></span> <span class='ocrx_word' id='word_1_333' title='bbox 1632 2625 1683 2685; x_wconf 89' lang='grc' dir='ltr'><strong>τοῦ</strong></span> <span class='ocrx_word' id='word_1_334' title='bbox 1704 2619 1837 2707; x_wconf 81' lang='grc' dir='ltr'><em>ἀληθοῦς</em></span> <span class='ocrx_word' id='word_1_335' title='bbox 1855 2615 2000 2706; x_wconf 63' lang='lat' dir='ltr'><strong>comparat¹</strong></span> 
     </span>
     <span class='ocr_line' id='line_1_26' title="bbox 314 2707 2000 2803; baseline -0.004 -10"><span class='ocrx_word' id='word_1_336' title='bbox 314 2737 403 2796; x_wconf 90' lang='lat' dir='ltr'><strong>tionis</strong></span> <span class='ocrx_word' id='word_1_337' title='bbox 425 2753 512 2796; x_wconf 85' lang='lat' dir='ltr'><strong>causa</strong></span> <span class='ocrx_word' id='word_1_338' title='bbox 532 2736 633 2796; x_wconf 85' lang='lat' dir='ltr'><strong>addita</strong></span> <span class='ocrx_word' id='word_1_339' title='bbox 655 2752 716 2794; x_wconf 90' lang='lat' dir='ltr'><strong>esse</strong></span> <span class='ocrx_word' id='word_1_340' title='bbox 737 2742 768 2794; x_wconf 90' lang='lat' dir='ltr'><strong>et</strong></span> <span class='ocrx_word' id='word_1_341' title='bbox 798 2735 853 2796; x_wconf 89' lang='lat' dir='ltr'><strong>hoo</strong></span> <span class='ocrx_word' id='word_1_342' title='bbox 882 2735 980 2793; x_wconf 89' lang='lat' dir='ltr'><strong>dicere</strong></span> <span class='ocrx_word' id='word_1_343' title='bbox 1012 2737 1173 2794; x_wconf 88' lang='lat' dir='ltr'><strong>oratorem:</strong></span> <span class='ocrx_word' id='word_1_344' title='bbox 1210 2747 1329 2803; x_wconf 88' lang='lat' dir='ltr'><strong>aeque</strong></span> <span class='ocrx_word' id='word_1_345' title='bbox 1359 2746 1400 2789; x_wconf 90' lang='lat' dir='ltr'><strong>ao</strong></span> <span class='ocrx_word' id='word_1_346' title='bbox 1430 2728 1549 2787; x_wconf 87' lang='lat' dir='ltr'><strong>veritati</strong></span> <span class='ocrx_word' id='word_1_347' title='bbox 1583 2727 1640 2801; x_wconf 90' lang='lat' dir='ltr'><strong>ipsi</strong></span> <span class='ocrx_word' id='word_1_348' title='bbox 1675 2725 1734 2803; x_wconf 91' lang='lat' dir='ltr'><strong>[cui</strong></span> <span class='ocrx_word' id='word_1_349' title='bbox 1766 2727 1881 2800; x_wconf 91' lang='lat' dir='ltr'><strong>quidem</strong></span> <span class='ocrx_word' id='word_1_350' title='bbox 1915 2707 2000 2802; x_wconf 45' lang='lat' dir='ltr'><strong>usqu¹</strong></span> 
     </span>
     <span class='ocr_line' id='line_1_27' title="bbox 315 2827 1986 2912; baseline -0.004 -18"><span class='ocrx_word' id='word_1_351' title='bbox 315 2835 473 2894; x_wconf 88' lang='lat' dir='ltr'><strong>cedendum</strong></span> <span class='ocrx_word' id='word_1_352' title='bbox 494 2853 557 2896; x_wconf 89' lang='lat' dir='ltr'><strong>esse</strong></span> <span class='ocrx_word' id='word_1_353' title='bbox 578 2853 631 2910; x_wconf 89' lang='lat' dir='ltr'><strong>per</strong></span> <span class='ocrx_word' id='word_1_354' title='bbox 651 2853 683 2895; x_wconf 94' lang='lat' dir='ltr'><strong>se</strong></span> <span class='ocrx_word' id='word_1_355' title='bbox 705 2835 831 2912; x_wconf 90' lang='lat' dir='ltr'><strong>constat]</strong></span> <span class='ocrx_word' id='word_1_356' title='bbox 853 2835 956 2894; x_wconf 87' lang='lat' dir='ltr'><strong>cedere</strong></span> <span class='ocrx_word' id='word_1_357' title='bbox 977 2838 1096 2906; x_wconf 87' lang='lat' dir='ltr'><strong>oportet</strong></span> <span class='ocrx_word' id='word_1_358' title='bbox 1126 2833 1215 2891; x_wconf 85' lang='lat' dir='ltr'><strong>etiam</strong></span> <span class='ocrx_word' id='word_1_359' title='bbox 1245 2831 1409 2890; x_wconf 86' lang='lat' dir='ltr'><strong>sententiae</strong></span> <span class='ocrx_word' id='word_1_360' title='bbox 1438 2828 1550 2901; x_wconf 89' lang='lat' dir='ltr'><strong>dictae,</strong></span> <span class='ocrx_word' id='word_1_361' title='bbox 1578 2827 1646 2886; x_wconf 90' lang='lat' dir='ltr'><strong>licet</strong></span> <span class='ocrx_word' id='word_1_362' title='bbox 1673 2827 1798 2887; x_wconf 89' lang='lat' dir='ltr'><strong>veritate</strong></span> <span class='ocrx_word' id='word_1_363' title='bbox 1826 2830 1986 2888; x_wconf 88' lang='lat' dir='ltr'><strong>reclamant</strong></span> 
     </span>
     <span class='ocr_line' id='line_1_28' title="bbox 315 2927 1989 3008; baseline -0.007 -15"><span class='ocrx_word' id='word_1_364' title='bbox 315 2935 418 2994; x_wconf 87' lang='lat' dir='ltr'><strong>dietae.</strong></span> <span class='ocrx_word' id='word_1_365' title='bbox 459 2935 560 3006; x_wconf 87' lang='lat' dir='ltr'><strong>Neque</strong></span> <span class='ocrx_word' id='word_1_366' title='bbox 580 2936 674 2994; x_wconf 90' lang='lat' dir='ltr'><strong>minus</strong></span> <span class='ocrx_word' id='word_1_367' title='bbox 696 2935 822 2994; x_wconf 88' lang='lat' dir='ltr'><strong>dilucide</strong></span> <span class='ocrx_word' id='word_1_368' title='bbox 843 2949 986 3008; x_wconf 88' lang='lat' dir='ltr'><strong>apparere</strong></span> <span class='ocrx_word' id='word_1_369' title='bbox 1008 2933 1079 2992; x_wconf 92' lang='lat' dir='ltr'><strong>mihi</strong></span> <span class='ocrx_word' id='word_1_370' title='bbox 1099 2931 1223 3004; x_wconf 89' lang='lat' dir='ltr'><strong>videtur,</strong></span> <span class='ocrx_word' id='word_1_371' title='bbox 1245 2933 1279 3004; x_wconf 91' lang='lat' dir='ltr'><strong>si,</strong></span> <span class='ocrx_word' id='word_1_372' title='bbox 1302 2930 1380 3003; x_wconf 93' lang='lat' dir='ltr'><strong>quod</strong></span> <span class='ocrx_word' id='word_1_373' title='bbox 1412 2929 1498 3002; x_wconf 91' lang='lat' dir='ltr'><strong>dicit,</strong></span> <span class='ocrx_word' id='word_1_374' title='bbox 1534 2943 1634 2986; x_wconf 86' lang='lat' dir='ltr'><strong>verum</strong></span> <span class='ocrx_word' id='word_1_375' title='bbox 1666 2927 1705 2985; x_wconf 92' lang='lat' dir='ltr'><strong>sit</strong></span> <span class='ocrx_word' id='word_1_376' title='bbox 1736 2928 1896 3003; x_wconf 77' lang='lat' dir='ltr'><strong>alioqui,</strong></span> <span class='ocrx_word' id='word_1_377' title='bbox 1932 2935 1969 2988; x_wconf 93' lang='lat' dir='ltr'><strong>tu</strong></span> <span class='ocrx_word' id='word_1_378' title='bbox 1984 2956 1989 2982; x_wconf 73' lang='grc' dir='ltr'><em>ι</em></span> 
     </span>
     <span class='ocr_line' id='line_1_29' title="bbox 314 3017 1999 3114; baseline -0.004 -22"><span class='ocrx_word' id='word_1_379' title='bbox 314 3034 470 3093; x_wconf 86' lang='lat' dir='ltr'><strong>maxime</strong></span> <span class='ocrx_word' id='word_1_380' title='bbox 492 3028 605 3110; x_wconf 82' lang='grc' dir='ltr'><em>(ἄλλως</em></span> <span class='ocrx_word' id='word_1_381' title='bbox 623 3053 655 3094; x_wconf 85' lang='grc' dir='ltr'><strong>τε</strong></span> <span class='ocrx_word' id='word_1_382' title='bbox 677 3032 735 3110; x_wconf 79' lang='grc' dir='ltr'><em>καὶ)</em></span> <span class='ocrx_word' id='word_1_383' title='bbox 757 3051 857 3093; x_wconf 89' lang='lat' dir='ltr'><strong>verum</strong></span> <span class='ocrx_word' id='word_1_384' title='bbox 879 3049 941 3092; x_wconf 91' lang='lat' dir='ltr'><strong>esse</strong></span> <span class='ocrx_word' id='word_1_385' title='bbox 963 3026 1016 3090; x_wconf 82' lang='grc' dir='ltr'><strong>ἐὰν</strong></span> <span class='ocrx_word' id='word_1_386' title='bbox 1033 3028 1077 3112; x_wconf 85' lang='grc' dir='ltr'><strong>μή</strong></span> <span class='ocrx_word' id='word_1_387' title='bbox 1099 3029 1115 3088; x_wconf 90' lang='grc' dir='ltr'><em>ό</em></span> <span class='ocrx_word' id='word_1_388' title='bbox 1138 3027 1313 3114; x_wconf 76' lang='grc' dir='ltr'><em>τιμωρήσων</em></span> <span class='ocrx_word' id='word_1_389' title='bbox 1333 3017 1363 3113; x_wconf 78' lang='grc' dir='ltr'><strong>ᾗ,</strong></span> <span class='ocrx_word' id='word_1_390' title='bbox 1386 3033 1489 3090; x_wconf 86' lang='lat' dir='ltr'><strong>contra</strong></span> <span class='ocrx_word' id='word_1_391' title='bbox 1511 3028 1585 3086; x_wconf 92' lang='lat' dir='ltr'><strong>nihil</strong></span> <span class='ocrx_word' id='word_1_392' title='bbox 1607 3043 1669 3086; x_wconf 88' lang='lat' dir='ltr'><strong>esse</strong></span> <span class='ocrx_word' id='word_1_393' title='bbox 1690 3027 1749 3086; x_wconf 91' lang='lat' dir='ltr'><strong>diei</strong></span> <span class='ocrx_word' id='word_1_394' title='bbox 1770 3029 1928 3088; x_wconf 87' lang='lat' dir='ltr'><strong>cedendum</strong></span> <span class='ocrx_word' id='word_1_395' title='bbox 1943 3047 1999 3088; x_wconf 89' lang='lat' dir='ltr'><strong>ess</strong></span> 
     </span>
     <span class='ocr_line' id='line_1_30' title="bbox 316 3095 2004 3226; baseline -0.004 -33"><span class='ocrx_word' id='word_1_396' title='bbox 316 3135 480 3194; x_wconf 90' lang='lat' dir='ltr'><strong>sententiae</strong></span> <span class='ocrx_word' id='word_1_397' title='bbox 502 3135 607 3208; x_wconf 87' lang='lat' dir='ltr'><strong>dictae,</strong></span> <span class='ocrx_word' id='word_1_398' title='bbox 629 3135 717 3193; x_wconf 88' lang='lat' dir='ltr'><strong>etiam</strong></span> <span class='ocrx_word' id='word_1_399' title='bbox 739 3141 800 3193; x_wconf 85' lang='lat' dir='ltr'><strong>turn</strong></span> <span class='ocrx_word' id='word_1_400' title='bbox 821 3131 893 3210; x_wconf 81' lang='grc' dir='ltr'><em>(καὶ)</em></span> <span class='ocrx_word' id='word_1_401' title='bbox 915 3150 1001 3206; x_wconf 92' lang='lat' dir='ltr'><strong>quum</strong></span> <span class='ocrx_word' id='word_1_402' title='bbox 1022 3132 1128 3190; x_wconf 84' lang='lat' dir='ltr'><strong>vindex</strong></span> <span class='ocrx_word' id='word_1_403' title='bbox 1149 3131 1235 3204; x_wconf 91' lang='lat' dir='ltr'><strong>absit,</strong></span> <span class='ocrx_word' id='word_1_404' title='bbox 1267 3130 1336 3202; x_wconf 90' lang='lat' dir='ltr'><strong>quia</strong></span> <span class='ocrx_word' id='word_1_405' title='bbox 1365 3129 1406 3188; x_wconf 92' lang='lat' dir='ltr'><strong>sic</strong></span> <span class='ocrx_word' id='word_1_406' title='bbox 1431 3127 1528 3186; x_wconf 87' lang='lat' dir='ltr'><strong>uerbis</strong></span> <span class='ocrx_word' id='word_1_407' title='bbox 1558 3125 1607 3185; x_wconf 80' lang='grc' dir='ltr'><strong>καὶ</strong></span> <span class='ocrx_word' id='word_1_408' title='bbox 1634 3121 1687 3186; x_wconf 81' lang='grc' dir='ltr'><strong>ἐὰν</strong></span> <span class='ocrx_word' id='word_1_409' title='bbox 1712 3122 1756 3207; x_wconf 85' lang='grc' dir='ltr'><strong>μή</strong></span> <span class='ocrx_word' id='word_1_410' title='bbox 1784 3125 1802 3184; x_wconf 90' lang='grc' dir='ltr'><em>ό</em></span> <span class='ocrx_word' id='word_1_411' title='bbox 1829 3095 2004 3226; x_wconf 73' lang='grc' dir='ltr'><em>τιμωρήσωή</em></span> 
     </span>
     <span class='ocr_line' id='line_1_31' title="bbox 314 3221 2004 3322; baseline -0.004 -29"><span class='ocrx_word' id='word_1_412' title='bbox 314 3221 335 3322; x_wconf 72' lang='grc' dir='ltr'><strong><em>ᾗ</em></strong></span> <span class='ocrx_word' id='word_1_413' title='bbox 356 3239 456 3293; x_wconf 89' lang='lat' dir='ltr'><strong>orator</strong></span> <span class='ocrx_word' id='word_1_414' title='bbox 478 3232 692 3307; x_wconf 77' lang='lat' dir='ltr'><strong>significaturus</strong></span> <span class='ocrx_word' id='word_1_415' title='bbox 714 3231 803 3293; x_wconf 84' lang='lat' dir='ltr'><strong>fuerit</strong></span> <span class='ocrx_word' id='word_1_416' title='bbox 823 3249 908 3307; x_wconf 90' lang='lat' dir='ltr'><strong>posse</strong></span> <span class='ocrx_word' id='word_1_417' title='bbox 930 3233 1055 3304; x_wconf 87' lang='lat' dir='ltr'><strong>aliquem</strong></span> <span class='ocrx_word' id='word_1_418' title='bbox 1077 3230 1222 3304; x_wconf 87' lang='lat' dir='ltr'><strong>dubitare,</strong></span> <span class='ocrx_word' id='word_1_419' title='bbox 1244 3246 1311 3287; x_wconf 89' lang='lat' dir='ltr'><strong>num</strong></span> <span class='ocrx_word' id='word_1_420' title='bbox 1332 3244 1433 3287; x_wconf 88' lang='lat' dir='ltr'><strong>verum</strong></span> <span class='ocrx_word' id='word_1_421' title='bbox 1453 3227 1525 3286; x_wconf 90' lang='lat' dir='ltr'><strong>illud</strong></span> <span class='ocrx_word' id='word_1_422' title='bbox 1547 3228 1634 3286; x_wconf 88' lang='lat' dir='ltr'><strong>etiam</strong></span> <span class='ocrx_word' id='word_1_423' title='bbox 1657 3231 1719 3284; x_wconf 90' lang='lat' dir='ltr'><strong>tum</strong></span> <span class='ocrx_word' id='word_1_424' title='bbox 1740 3226 1787 3300; x_wconf 91' lang='lat' dir='ltr'><strong>sit,</strong></span> <span class='ocrx_word' id='word_1_425' title='bbox 1819 3244 1905 3299; x_wconf 88' lang='lat' dir='ltr'><strong>quum</strong></span> <span class='ocrx_word' id='word_1_426' title='bbox 1927 3227 2004 3304; x_wconf 72' lang='lat' dir='ltr'><strong>absit}</strong></span> 
     </span>
     <span class='ocr_line' id='line_1_32' title="bbox 316 3325 2005 3407; baseline -0.004 -15"><span class='ocrx_word' id='word_1_427' title='bbox 316 3335 428 3407; x_wconf 85' lang='lat' dir='ltr'><strong>vindex,</strong></span> <span class='ocrx_word' id='word_1_428' title='bbox 451 3333 582 3406; x_wconf 88' lang='lat' dir='ltr'><strong>quumvis</strong></span> <span class='ocrx_word' id='word_1_429' title='bbox 603 3331 718 3391; x_wconf 84' lang='lat' dir='ltr'><strong>facilius</strong></span> <span class='ocrx_word' id='word_1_430' title='bbox 740 3334 803 3405; x_wconf 92' lang='lat' dir='ltr'><strong>quis</strong></span> <span class='ocrx_word' id='word_1_431' title='bbox 825 3332 960 3392; x_wconf 92' lang='lat' dir='ltr'><strong>dubitare</strong></span> <span class='ocrx_word' id='word_1_432' title='bbox 981 3332 1081 3405; x_wconf 91' lang='lat' dir='ltr'><strong>possit,</strong></span> <span class='ocrx_word' id='word_1_433' title='bbox 1103 3347 1171 3389; x_wconf 91' lang='lat' dir='ltr'><strong>num</strong></span> <span class='ocrx_word' id='word_1_434' title='bbox 1190 3344 1290 3387; x_wconf 86' lang='lat' dir='ltr'><strong>uerum</strong></span> <span class='ocrx_word' id='word_1_435' title='bbox 1312 3328 1350 3386; x_wconf 90' lang='lat' dir='ltr'><strong>sit</strong></span> <span class='ocrx_word' id='word_1_436' title='bbox 1371 3332 1431 3386; x_wconf 90' lang='lat' dir='ltr'><strong>tum</strong></span> <span class='ocrx_word' id='word_1_437' title='bbox 1453 3343 1540 3399; x_wconf 92' lang='lat' dir='ltr'><strong>quum</strong></span> <span class='ocrx_word' id='word_1_438' title='bbox 1561 3327 1678 3384; x_wconf 89' lang='lat' dir='ltr'><strong>intersit</strong></span> <span class='ocrx_word' id='word_1_439' title='bbox 1693 3325 1807 3386; x_wconf 83' lang='lat' dir='ltr'><strong>vindex.</strong></span> <span class='ocrx_word' id='word_1_440' title='bbox 1838 3326 1893 3397; x_wconf 83' lang='lat' dir='ltr'><strong>Qui</strong></span> <span class='ocrx_word' id='word_1_441' title='bbox 1914 3327 2005 3401; x_wconf 84' lang='lat' dir='ltr'><strong>igitur</strong></span> 
     </span>
     <span class='ocr_line' id='line_1_33' title="bbox 317 3424 1292 3512; baseline 0 -24"><span class='ocrx_word' id='word_1_442' title='bbox 317 3424 417 3496; x_wconf 85' lang='grc' dir='ltr'><em>ἄλλως</em></span> <span class='ocrx_word' id='word_1_443' title='bbox 435 3451 467 3491; x_wconf 84' lang='grc' dir='ltr'><strong>τε</strong></span> <span class='ocrx_word' id='word_1_444' title='bbox 488 3433 585 3498; x_wconf 89' lang='lat' dir='ltr'><strong>omitti</strong></span> <span class='ocrx_word' id='word_1_445' title='bbox 606 3431 751 3503; x_wconf 85' lang='lat' dir='ltr'><strong>volebant,</strong></span> <span class='ocrx_word' id='word_1_446' title='bbox 774 3433 816 3490; x_wconf 90' lang='lat' dir='ltr'><strong>eis</strong></span> <span class='ocrx_word' id='word_1_447' title='bbox 838 3433 926 3491; x_wconf 85' lang='lat' dir='ltr'><strong>etiam</strong></span> <span class='ocrx_word' id='word_1_448' title='bbox 943 3428 987 3512; x_wconf 86' lang='grc' dir='ltr'><strong>μή</strong></span> <span class='ocrx_word' id='word_1_449' title='bbox 1009 3431 1199 3490; x_wconf 89' lang='lat' dir='ltr'><strong>omittendum</strong></span> <span class='ocrx_word' id='word_1_450' title='bbox 1221 3433 1292 3488; x_wconf 89' lang='lat' dir='ltr'><strong>erat</strong></span> 
     </span>
    </p>

    <p class='ocr_par' dir='ltr' id='par_1_8' title="bbox 314 3526 2004 4390">
     <span class='ocr_line' id='line_1_34' title="bbox 468 3526 2004 3606; baseline -0.003 -14"><span class='ocrx_word' id='word_1_451' title='bbox 468 3533 516 3594; x_wconf 85' lang='lat' dir='ltr'><strong>Or.</strong></span> <span class='ocrx_word' id='word_1_452' title='bbox 537 3532 572 3606; x_wconf 87' lang='lat' dir='ltr'><strong>V,</strong></span> <span class='ocrx_word' id='word_1_453' title='bbox 597 3535 644 3594; x_wconf 89' lang='lat'><strong>19.</strong></span> <span class='ocrx_word' id='word_1_454' title='bbox 686 3531 766 3603; x_wconf 78' lang='lat' dir='ltr'><strong>Quae</strong></span> <span class='ocrx_word' id='word_1_455' title='bbox 787 3532 818 3588; x_wconf 93' lang='lat' dir='ltr'><strong>in</strong></span> <span class='ocrx_word' id='word_1_456' title='bbox 839 3533 895 3590; x_wconf 91' lang='lat' dir='ltr'><strong>boe</strong></span> <span class='ocrx_word' id='word_1_457' title='bbox 916 3531 1013 3606; x_wconf 91' lang='lat' dir='ltr'><strong>eapite</strong></span> <span class='ocrx_word' id='word_1_458' title='bbox 1033 3532 1180 3605; x_wconf 84' lang='lat' dir='ltr'><strong>leguntur,</strong></span> <span class='ocrx_word' id='word_1_459' title='bbox 1202 3527 1325 3603; x_wconf 92' lang='lat' dir='ltr'><strong>apodosi</strong></span> <span class='ocrx_word' id='word_1_460' title='bbox 1346 3543 1446 3586; x_wconf 87' lang='lat' dir='ltr'><strong>carere</strong></span> <span class='ocrx_word' id='word_1_461' title='bbox 1468 3527 1531 3586; x_wconf 91' lang='lat' dir='ltr'><strong>visa</strong></span> <span class='ocrx_word' id='word_1_462' title='bbox 1553 3532 1620 3586; x_wconf 91' lang='lat' dir='ltr'><strong>suut</strong></span> <span class='ocrx_word' id='word_1_463' title='bbox 1640 3526 1860 3602; x_wconf 85' lang='lat' dir='ltr'><strong>interpretibus,</strong></span> <span class='ocrx_word' id='word_1_464' title='bbox 1874 3527 2004 3599; x_wconf 91' lang='lat' dir='ltr'><strong>equibus</strong></span> 
     </span>
     <span class='ocr_line' id='line_1_35' title="bbox 315 3627 2004 3706; baseline -0.002 -16"><span class='ocrx_word' id='word_1_465' title='bbox 315 3631 451 3692; x_wconf 85' lang='lat' dir='ltr'><strong>Reiskius</strong></span> <span class='ocrx_word' id='word_1_466' title='bbox 472 3638 502 3691; x_wconf 94' lang='lat' dir='ltr'><strong>et</strong></span> <span class='ocrx_word' id='word_1_467' title='bbox 522 3633 666 3692; x_wconf 91' lang='lat' dir='ltr'><strong>Linderus</strong></span> <span class='ocrx_word' id='word_1_468' title='bbox 688 3633 764 3690; x_wconf 89' lang='lat' dir='ltr'><strong>alter</strong></span> <span class='ocrx_word' id='word_1_469' title='bbox 785 3632 879 3690; x_wconf 89' lang='lat' dir='ltr'><strong>altera</strong></span> <span class='ocrx_word' id='word_1_470' title='bbox 899 3633 1112 3706; x_wconf 89' lang='lat' dir='ltr'><strong>interpolantes</strong></span> <span class='ocrx_word' id='word_1_471' title='bbox 1133 3629 1274 3690; x_wconf 89' lang='lat' dir='ltr'><strong>medelam</strong></span> <span class='ocrx_word' id='word_1_472' title='bbox 1295 3628 1401 3688; x_wconf 80' lang='lat' dir='ltr'><strong>afferre</strong></span> <span class='ocrx_word' id='word_1_473' title='bbox 1416 3627 1580 3700; x_wconf 90' lang='lat' dir='ltr'><strong>voluerunt,</strong></span> <span class='ocrx_word' id='word_1_474' title='bbox 1600 3627 1789 3686; x_wconf 86' lang='lat' dir='ltr'><strong>Maetuuerus</strong></span> <span class='ocrx_word' id='word_1_475' title='bbox 1803 3627 1954 3700; x_wconf 91' lang='lat' dir='ltr'><strong>apodosim</strong></span> <span class='ocrx_word' id='word_1_476' title='bbox 1969 3629 2004 3688; x_wconf 90' lang='lat' dir='ltr'><strong>ab</strong></span> 
     </span>
     <span class='ocr_line' id='line_1_36' title="bbox 316 3727 2004 3806; baseline 0.001 -18"><span class='ocrx_word' id='word_1_477' title='bbox 316 3732 378 3804; x_wconf 89' lang='lat' dir='ltr'><strong>ipso</strong></span> <span class='ocrx_word' id='word_1_478' title='bbox 400 3733 580 3806; x_wconf 90' lang='lat' dir='ltr'><strong>Antiphonte</strong></span> <span class='ocrx_word' id='word_1_479' title='bbox 602 3733 723 3792; x_wconf 89' lang='lat' dir='ltr'><strong>consilio</strong></span> <span class='ocrx_word' id='word_1_480' title='bbox 745 3731 879 3790; x_wconf 89' lang='lat' dir='ltr'><strong>omissam</strong></span> <span class='ocrx_word' id='word_1_481' title='bbox 901 3749 964 3791; x_wconf 89' lang='lat' dir='ltr'><strong>esse</strong></span> <span class='ocrx_word' id='word_1_482' title='bbox 986 3731 1107 3792; x_wconf 89' lang='lat' dir='ltr'><strong>censuit.</strong></span> <span class='ocrx_word' id='word_1_483' title='bbox 1149 3730 1292 3804; x_wconf 82' lang='lat' dir='ltr'><strong>Equidem</strong></span> <span class='ocrx_word' id='word_1_484' title='bbox 1313 3729 1463 3803; x_wconf 88' lang='lat' dir='ltr'><strong>apodosim</strong></span> <span class='ocrx_word' id='word_1_485' title='bbox 1485 3743 1547 3787; x_wconf 89' lang='lat' dir='ltr'><strong>esse</strong></span> <span class='ocrx_word' id='word_1_486' title='bbox 1567 3727 1654 3786; x_wconf 86' lang='lat' dir='ltr'><strong>credo</strong></span> <span class='ocrx_word' id='word_1_487' title='bbox 1682 3728 1713 3785; x_wconf 91' lang='lat' dir='ltr'><strong>in</strong></span> <span class='ocrx_word' id='word_1_488' title='bbox 1733 3727 1831 3787; x_wconf 90' lang='lat' dir='ltr'><strong>uerbis</strong></span> <span class='ocrx_word' id='word_1_489' title='bbox 1850 3731 2004 3802; x_wconf 89' lang='lat' dir='ltr'><strong>postremis</strong></span> 
     </span>
     <span class='ocr_line' id='line_1_37' title="bbox 314 3819 2004 3914; baseline 0.001 -28"><span class='ocrx_word' id='word_1_490' title='bbox 314 3825 430 3909; x_wconf 80' lang='grc' dir='ltr'><em>μάλιστ’</em></span> <span class='ocrx_word' id='word_1_491' title='bbox 452 3826 490 3890; x_wconf 84' lang='grc' dir='ltr'><strong>ἀν</strong></span> <span class='ocrx_word' id='word_1_492' title='bbox 511 3832 618 3908; x_wconf 79' lang='lat' dir='ltr'><strong>(Turn,</strong></span> <span class='ocrx_word' id='word_1_493' title='bbox 640 3833 698 3909; x_wconf 86' lang='lat' dir='ltr'><strong>Bi.)</strong></span> <span class='ocrx_word' id='word_1_494' title='bbox 723 3825 912 3914; x_wconf 72' lang='grc' dir='ltr'><em>ἐξελέγχοντα</em></span> <span class='ocrx_word' id='word_1_495' title='bbox 934 3836 963 3889; x_wconf 93' lang='lat' dir='ltr'><strong>et</strong></span> <span class='ocrx_word' id='word_1_496' title='bbox 984 3830 1075 3905; x_wconf 87' lang='lat' dir='ltr'><strong>incipi</strong></span> <span class='ocrx_word' id='word_1_497' title='bbox 1095 3831 1243 3904; x_wconf 86' lang='lat' dir='ltr'><strong>particula</strong></span> <span class='ocrx_word' id='word_1_498' title='bbox 1263 3827 1320 3901; x_wconf 79' lang='grc' dir='ltr'><em>καὶ,</em></span> <span class='ocrx_word' id='word_1_499' title='bbox 1343 3845 1416 3902; x_wconf 89' lang='lat' dir='ltr'><strong>quae</strong></span> <span class='ocrx_word' id='word_1_500' title='bbox 1438 3833 1506 3902; x_wconf 90' lang='lat' dir='ltr'><strong>post</strong></span> <span class='ocrx_word' id='word_1_501' title='bbox 1526 3821 1564 3885; x_wconf 88' lang='grc' dir='ltr'><strong>ἀν</strong></span> <span class='ocrx_word' id='word_1_502' title='bbox 1585 3819 1631 3909; x_wconf 83' lang='grc' dir='ltr'><strong>εἴη</strong></span> <span class='ocrx_word' id='word_1_503' title='bbox 1644 3828 1761 3902; x_wconf 82' lang='lat' dir='ltr'><strong>legitur,</strong></span> <span class='ocrx_word' id='word_1_504' title='bbox 1776 3829 1824 3886; x_wconf 92' lang='lat' dir='ltr'><strong>cui</strong></span> <span class='ocrx_word' id='word_1_505' title='bbox 1838 3829 2004 3889; x_wconf 89' lang='lat' dir='ltr'><strong>intendendi</strong></span> 
     </span>
     <span class='ocr_line' id='line_1_38' title="bbox 317 3924 2004 4006; baseline -0.002 -20"><span class='ocrx_word' id='word_1_506' title='bbox 317 3929 593 4004; x_wconf 88' lang='lat' dir='ltr'><strong>viminesseuolo;</strong></span> <span class='ocrx_word' id='word_1_507' title='bbox 615 3932 769 4006; x_wconf 82' lang='lat' dir='ltr'><strong>sicigitur</strong></span> <span class='ocrx_word' id='word_1_508' title='bbox 792 3931 946 3990; x_wconf 88' lang='lat' dir='ltr'><strong>verterim:</strong></span> <span class='ocrx_word' id='word_1_509' title='bbox 978 3931 1041 3989; x_wconf 93' lang='lat' dir='ltr'><strong>ubi</strong></span> <span class='ocrx_word' id='word_1_510' title='bbox 1061 3934 1187 3988; x_wconf 90' lang='lat' dir='ltr'><strong>autem</strong></span> <span class='ocrx_word' id='word_1_511' title='bbox 1208 3929 1286 4002; x_wconf 92' lang='lat' dir='ltr'><strong>ipsi</strong></span> <span class='ocrx_word' id='word_1_512' title='bbox 1320 3932 1572 3987; x_wconf 88' lang='lat' dir='ltr'><strong>accusatores</strong></span> <span class='ocrx_word' id='word_1_513' title='bbox 1603 3924 1848 3989; x_wconf 68' lang='lat' dir='ltr'><strong>confitentur</strong></span> <span class='ocrx_word' id='word_1_514' title='bbox 1877 3972 2004 3992; x_wconf 84' lang='grc'><strong>.....</strong></span> 
     </span>
     <span class='ocr_line' id='line_1_39' title="bbox 318 4027 2004 4104; baseline 0.001 -17"><span class='ocrx_word' id='word_1_515' title='bbox 318 4045 560 4104; x_wconf 90' lang='lat' dir='ltr'><strong>quaeeunque</strong></span> <span class='ocrx_word' id='word_1_516' title='bbox 581 4037 671 4094; x_wconf 88' lang='lat' dir='ltr'><strong>aeta</strong></span> <span class='ocrx_word' id='word_1_517' title='bbox 692 4037 781 4091; x_wconf 89' lang='lat' dir='ltr'><strong>suut</strong></span> <span class='ocrx_word' id='word_1_518' title='bbox 802 4031 927 4091; x_wconf 90' lang='lat' dir='ltr'><strong>omniu</strong></span> <span class='ocrx_word' id='word_1_519' title='bbox 948 4036 1036 4090; x_wconf 90' lang='lat' dir='ltr'><strong>acta</strong></span> <span class='ocrx_word' id='word_1_520' title='bbox 1056 4046 1134 4089; x_wconf 88' lang='lat' dir='ltr'><strong>esse</strong></span> <span class='ocrx_word' id='word_1_521' title='bbox 1155 4045 1282 4088; x_wconf 88' lang='lat' dir='ltr'><strong>coram</strong></span> <span class='ocrx_word' id='word_1_522' title='bbox 1304 4029 1471 4087; x_wconf 88' lang='lat' dir='ltr'><strong>testibus</strong></span> <span class='ocrx_word' id='word_1_523' title='bbox 1500 4027 1634 4086; x_wconf 87' lang='lat' dir='ltr'><strong>multis</strong></span> <span class='ocrx_word' id='word_1_524' title='bbox 1656 4074 1663 4091; x_wconf 90' lang='lat'><strong>.</strong></span> <span class='ocrx_word' id='word_1_525' title='bbox 1685 4070 1693 4087; x_wconf 88' lang='lat'>.</span> <span class='ocrx_word' id='word_1_526' title='bbox 1716 4069 1755 4086; x_wconf 89' lang='lat'><strong>..</strong></span> <span class='ocrx_word' id='word_1_527' title='bbox 1785 4043 1943 4100; x_wconf 89' lang='lat' dir='ltr'><strong>quorum</strong></span> <span class='ocrx_word' id='word_1_528' title='bbox 1966 4045 2004 4088; x_wconf 81' lang='lat' dir='ltr'><strong>ex</strong></span> 
     </span>
     <span class='ocr_line' id='line_1_40' title="bbox 317 4127 2004 4205; baseline 0.001 -19"><span class='ocrx_word' id='word_1_529' title='bbox 317 4128 483 4204; x_wconf 91' lang='lat' dir='ltr'><strong>indicio,</strong></span> <span class='ocrx_word' id='word_1_530' title='bbox 506 4133 619 4191; x_wconf 88' lang='lat' dir='ltr'><strong>etiam</strong></span> <span class='ocrx_word' id='word_1_531' title='bbox 641 4133 673 4191; x_wconf 94' lang='lat' dir='ltr'><strong>si</strong></span> <span class='ocrx_word' id='word_1_532' title='bbox 694 4132 838 4204; x_wconf 89' lang='lat' dir='ltr'><strong>aliquis</strong></span> <span class='ocrx_word' id='word_1_533' title='bbox 860 4130 1013 4205; x_wconf 89' lang='lat' dir='ltr'><strong>aliquid</strong></span> <span class='ocrx_word' id='word_1_534' title='bbox 1035 4130 1196 4190; x_wconf 89' lang='lat' dir='ltr'><strong>sceleris</strong></span> <span class='ocrx_word' id='word_1_535' title='bbox 1223 4128 1487 4201; x_wconf 87' lang='lat' dir='ltr'><strong>commisisset,</strong></span> <span class='ocrx_word' id='word_1_536' title='bbox 1517 4128 1559 4186; x_wconf 92' lang='lat' dir='ltr'><strong>id</strong></span> <span class='ocrx_word' id='word_1_537' title='bbox 1585 4127 1846 4200; x_wconf 89' lang='lat' dir='ltr'><strong>liquidissime</strong></span> <span class='ocrx_word' id='word_1_538' title='bbox 1874 4135 2004 4202; x_wconf 85' lang='lat' dir='ltr'><strong>posset</strong></span> 
     </span>
     <span class='ocr_line' id='line_1_41' title="bbox 320 4225 2004 4306; baseline 0.002 -21"><span class='ocrx_word' id='word_1_539' title='bbox 320 4229 494 4302; x_wconf 78' lang='lat' dir='ltr'><strong>coargui,</strong></span> <span class='ocrx_word' id='word_1_540' title='bbox 516 4227 691 4303; x_wconf 72' lang='lat' dir='ltr'><strong>lutetiam,</strong></span> <span class='ocrx_word' id='word_1_541' title='bbox 726 4233 757 4290; x_wconf 91' lang='lat' dir='ltr'><strong>si</strong></span> <span class='ocrx_word' id='word_1_542' title='bbox 778 4233 863 4306; x_wconf 92' lang='lat' dir='ltr'><strong>quis</strong></span> <span class='ocrx_word' id='word_1_543' title='bbox 896 4232 1089 4290; x_wconf 90' lang='lat' dir='ltr'><strong>insontem</strong></span> <span class='ocrx_word' id='word_1_544' title='bbox 1121 4229 1371 4302; x_wconf 85' lang='lat' dir='ltr'><strong>incusaverit,</strong></span> <span class='ocrx_word' id='word_1_545' title='bbox 1401 4225 1604 4300; x_wconf 85' lang='lat' dir='ltr'><strong>facillime,</strong></span> <span class='ocrx_word' id='word_1_546' title='bbox 1637 4227 1765 4300; x_wconf 91' lang='lat' dir='ltr'><strong>credo,</strong></span> <span class='ocrx_word' id='word_1_547' title='bbox 1799 4228 1920 4300; x_wconf 92' lang='lat' dir='ltr'><strong>possit</strong></span> <span class='ocrx_word' id='word_1_548' title='bbox 1951 4247 2004 4289; x_wconf 93' lang='lat' dir='ltr'><strong>re·</strong></span> 
     </span>
     <span class='ocr_line' id='line_1_42' title="bbox 317 4325 450 4390; baseline 0.038 -4"><span class='ocrx_word' id='word_1_549' title='bbox 317 4325 450 4390; x_wconf 84' lang='lat' dir='ltr'><strong>futari.</strong></span> 
     </span>
    </p>

    <p class='ocr_par' dir='ltr' id='par_1_9' title="bbox 318 4422 2004 4706">
     <span class='ocr_line' id='line_1_43' title="bbox 470 4422 2004 4513; baseline -0.001 -25"><span class='ocrx_word' id='word_1_550' title='bbox 470 4429 520 4488; x_wconf 89' lang='lat' dir='ltr'><strong>Or.</strong></span> <span class='ocrx_word' id='word_1_551' title='bbox 543 4430 592 4502; x_wconf 85' lang='lat' dir='ltr'><strong>Vl,</strong></span> <span class='ocrx_word' id='word_1_552' title='bbox 615 4434 664 4492; x_wconf 82' lang='lat'><strong>25.</strong></span> <span class='ocrx_word' id='word_1_553' title='bbox 707 4433 780 4491; x_wconf 94' lang='lat' dir='ltr'><strong>Post</strong></span> <span class='ocrx_word' id='word_1_554' title='bbox 803 4428 852 4513; x_wconf 77' lang='grc' dir='ltr'><strong>ὑφ’</strong></span> <span class='ocrx_word' id='word_1_555' title='bbox 875 4427 919 4490; x_wconf 85' lang='grc' dir='ltr'><strong>ὧν</strong></span> <span class='ocrx_word' id='word_1_556' title='bbox 940 4432 1053 4506; x_wconf 81' lang='lat' dir='ltr'><strong>virgula</strong></span> <span class='ocrx_word' id='word_1_557' title='bbox 1074 4428 1208 4505; x_wconf 86' lang='lat' dir='ltr'><strong>ponenda</strong></span> <span class='ocrx_word' id='word_1_558' title='bbox 1229 4427 1276 4502; x_wconf 89' lang='lat' dir='ltr'><strong>sit,</strong></span> <span class='ocrx_word' id='word_1_559' title='bbox 1297 4430 1331 4486; x_wconf 89' lang='lat' dir='ltr'><strong>nt</strong></span> <span class='ocrx_word' id='word_1_560' title='bbox 1352 4423 1403 4508; x_wconf 78' lang='grc' dir='ltr'><strong>ὑφ’</strong></span> <span class='ocrx_word' id='word_1_561' title='bbox 1425 4422 1469 4486; x_wconf 80' lang='grc' dir='ltr'><strong>ὧν</strong></span> <span class='ocrx_word' id='word_1_562' title='bbox 1489 4427 1616 4502; x_wconf 91' lang='lat' dir='ltr'><strong>pendeat</strong></span> <span class='ocrx_word' id='word_1_563' title='bbox 1637 4429 1674 4488; x_wconf 92' lang='lat' dir='ltr'><strong>ab</strong></span> <span class='ocrx_word' id='word_1_564' title='bbox 1703 4423 1917 4506; x_wconf 77' lang='grc' dir='ltr'><em>ἀναγκάζονται</em></span> <span class='ocrx_word' id='word_1_565' title='bbox 1947 4430 2004 4506; x_wconf 91' lang='lat' dir='ltr'><strong>(li-</strong></span> 
     </span>
     <span class='ocr_line' id='line_1_44' title="bbox 318 4527 2004 4604; baseline 0.001 -18"><span class='ocrx_word' id='word_1_566' title='bbox 318 4543 411 4587; x_wconf 89' lang='lat' dir='ltr'><strong>cere</strong></span> <span class='ocrx_word' id='word_1_567' title='bbox 433 4531 616 4602; x_wconf 88' lang='lat' dir='ltr'><strong>torqueri</strong></span> <span class='ocrx_word' id='word_1_568' title='bbox 637 4547 766 4590; x_wconf 89' lang='lat' dir='ltr'><strong>servos</strong></span> <span class='ocrx_word' id='word_1_569' title='bbox 799 4533 998 4592; x_wconf 88' lang='lat' dir='ltr'><strong>tormentis</strong></span> <span class='ocrx_word' id='word_1_570' title='bbox 1027 4531 1138 4604; x_wconf 89' lang='lat' dir='ltr'><strong>aliis,</strong></span> <span class='ocrx_word' id='word_1_571' title='bbox 1170 4528 1325 4602; x_wconf 92' lang='lat' dir='ltr'><strong>quibus,</strong></span> <span class='ocrx_word' id='word_1_572' title='bbox 1354 4528 1516 4589; x_wconf 86' lang='lat' dir='ltr'><strong>etiarnsi</strong></span> <span class='ocrx_word' id='word_1_573' title='bbox 1550 4529 1696 4589; x_wconf 89' lang='lat' dir='ltr'><strong>indicio</strong></span> <span class='ocrx_word' id='word_1_574' title='bbox 1728 4546 1792 4589; x_wconf 89' lang='lat' dir='ltr'><strong>suo</strong></span> <span class='ocrx_word' id='word_1_575' title='bbox 1822 4527 2004 4589; x_wconf 83' lang='lat' dir='ltr'><strong>effecturi</strong></span> 
     </span>
     <span class='ocr_line' id='line_1_45' title="bbox 319 4628 1786 4706; baseline 0.001 -21"><span class='ocrx_word' id='word_1_576' title='bbox 319 4629 408 4703; x_wconf 84' lang='lat' dir='ltr'><strong>rint,</strong></span> <span class='ocrx_word' id='word_1_577' title='bbox 431 4635 471 4688; x_wconf 92' lang='lat' dir='ltr'><strong>ut</strong></span> <span class='ocrx_word' id='word_1_578' title='bbox 492 4631 622 4690; x_wconf 92' lang='lat' dir='ltr'><strong>ultimo</strong></span> <span class='ocrx_word' id='word_1_579' title='bbox 645 4632 838 4706; x_wconf 85' lang='lat' dir='ltr'><strong>supplicio</strong></span> <span class='ocrx_word' id='word_1_580' title='bbox 861 4631 1114 4704; x_wconf 85' lang='lat' dir='ltr'><strong>afficiantur,</strong></span> <span class='ocrx_word' id='word_1_581' title='bbox 1137 4633 1269 4698; x_wconf 88' lang='lat' dir='ltr'><strong>tamen</strong></span> <span class='ocrx_word' id='word_1_582' title='bbox 1289 4634 1470 4702; x_wconf 84' lang='lat' dir='ltr'><strong>cogantur</strong></span> <span class='ocrx_word' id='word_1_583' title='bbox 1487 4643 1575 4687; x_wconf 89' lang='lat' dir='ltr'><strong>uera</strong></span> <span class='ocrx_word' id='word_1_584' title='bbox 1595 4628 1786 4688; x_wconf 85' lang='lat' dir='ltr'><strong>indicare.</strong></span> 
     </span>
    </p>

    <p class='ocr_par' dir='ltr' id='par_1_10' title="bbox 319 4723 2004 4907">
     <span class='ocr_line' id='line_1_46' title="bbox 471 4723 2004 4810; baseline 0.001 -23"><span class='ocrx_word' id='word_1_585' title='bbox 471 4729 520 4789; x_wconf 90' lang='lat' dir='ltr'><strong>Or.</strong></span> <span class='ocrx_word' id='word_1_586' title='bbox 542 4730 591 4804; x_wconf 87' lang='lat' dir='ltr'><strong>Vl,</strong></span> <span class='ocrx_word' id='word_1_587' title='bbox 614 4735 664 4792; x_wconf 80' lang='lat'><strong>44.</strong></span> <span class='ocrx_word' id='word_1_588' title='bbox 707 4731 818 4791; x_wconf 85' lang='lat' dir='ltr'><strong>Contra</strong></span> <span class='ocrx_word' id='word_1_589' title='bbox 839 4733 982 4793; x_wconf 83' lang='lat' dir='ltr'><strong>Blossium</strong></span> <span class='ocrx_word' id='word_1_590' title='bbox 1003 4732 1197 4807; x_wconf 87' lang='lat' dir='ltr'><strong>suspicantem</strong></span> <span class='ocrx_word' id='word_1_591' title='bbox 1217 4734 1285 4789; x_wconf 88' lang='lat' dir='ltr'><strong>unte</strong></span> <span class='ocrx_word' id='word_1_592' title='bbox 1307 4723 1411 4810; x_wconf 84' lang='grc' dir='ltr'><em>ἐπειδή</em></span> <span class='ocrx_word' id='word_1_593' title='bbox 1431 4728 1614 4789; x_wconf 89' lang='lat' dir='ltr'><strong>intercidisse</strong></span> <span class='ocrx_word' id='word_1_594' title='bbox 1630 4729 1840 4802; x_wconf 87' lang='lat' dir='ltr'><strong>quaedcmhac</strong></span> <span class='ocrx_word' id='word_1_595' title='bbox 1854 4731 2004 4790; x_wconf 88' lang='lat' dir='ltr'><strong>sententia</strong></span> 
     </span>
     <span class='ocr_line' id='line_1_47' title="bbox 319 4829 2004 4907; baseline 0.004 -24"><span class='ocrx_word' id='word_1_596' title='bbox 319 4841 417 4899; x_wconf 89' lang='lat' dir='ltr'><strong>„nunc</strong></span> <span class='ocrx_word' id='word_1_597' title='bbox 437 4829 561 4888; x_wconf 90' lang='lat' dir='ltr'><strong>alterum</strong></span> <span class='ocrx_word' id='word_1_598' title='bbox 583 4831 676 4904; x_wconf 89' lang='lat' dir='ltr'><strong>majus</strong></span> <span class='ocrx_word' id='word_1_599' title='bbox 698 4832 786 4890; x_wconf 88' lang='lat' dir='ltr'><strong>etiam</strong></span> <span class='ocrx_word' id='word_1_600' title='bbox 809 4833 1011 4893; x_wconf 86' lang='lat' dir='ltr'><strong>considerate“</strong></span> <span class='ocrx_word' id='word_1_601' title='bbox 1034 4832 1207 4891; x_wconf 90' lang='lat' dir='ltr'><strong>monendum</strong></span> <span class='ocrx_word' id='word_1_602' title='bbox 1227 4833 1355 4892; x_wconf 89' lang='lat' dir='ltr'><strong>esthauc</strong></span> <span class='ocrx_word' id='word_1_603' title='bbox 1369 4832 1471 4907; x_wconf 89' lang='lat' dir='ltr'><strong>ipsam,</strong></span> <span class='ocrx_word' id='word_1_604' title='bbox 1486 4849 1571 4905; x_wconf 88' lang='lat' dir='ltr'><strong>quam</strong></span> <span class='ocrx_word' id='word_1_605' title='bbox 1587 4831 1734 4892; x_wconf 89' lang='lat' dir='ltr'><strong>desiderat</strong></span> <span class='ocrx_word' id='word_1_606' title='bbox 1748 4849 1775 4894; x_wconf 91' lang='lat' dir='ltr'><strong>v.</strong></span> <span class='ocrx_word' id='word_1_607' title='bbox 1787 4831 1825 4906; x_wconf 86' lang='grc'>(1.,</span> <span class='ocrx_word' id='word_1_608' title='bbox 1837 4832 2004 4892; x_wconf 88' lang='lat' dir='ltr'><strong>sententian</strong></span> 
     </span>
    </p>
   </div>
   <div class='ocr_carea' id='block_1_8' title="bbox 0 0 2076 5522">
    <p class='ocr_par' dir='ltr' id='par_1_11' title="bbox 0 0 2076 5522">
     <span class='ocr_line' id='line_1_48' title="bbox 0 0 2076 5522; baseline 0 0"><span class='ocrx_word' id='word_1_609' title='bbox 0 0 2076 5522; x_wconf 95' lang='lat' dir='ltr'><strong> </strong></span> 
     </span>
    </p>
   </div>
  </div>
 </body>
</html>
