4118 5522
937 287 959 358 8

107 490 219 550 occisus
241 494 271 548 et
286 505 320 546 ex
335 504 391 560 quo
406 493 466 546 tum
488 488 653 547 submersus
675 502 737 545 esse
759 485 874 559 dicitur,
897 485 984 562 at'que
1007 504 1139 548 cmorem
1160 485 1276 559 quidem
1298 485 1446 543 inventum
1468 499 1530 542 esse
1560 483 1591 540 iu
1612 496 1646 542 eo
1668 482 1795 556 navigio,

107 605 144 648 ex
159 604 216 660 quo
231 587 383 662 egrediens
398 593 569 661 conspectus
592 592 636 645 est
658 585 686 662 (ξ
709 589 748 645 23
772 583 789 642 a
807 581 864 665 μέν
885 583 946 646 ἐστι
967 585 1102 669 φανερὸς
1120 580 1215 661 ἐκβὰς
1232 580 1266 643 ἐκ
1288 583 1338 642 τοῦ
1362 577 1483 658 πλοίου),
1512 581 1564 640 sed
1585 581 1615 638 in
1643 581 1701 640 alia
1722 596 1794 639 nave

108 688 206 758 oolla3
227 687 303 745 uude
324 687 415 760 sequi,
436 685 502 744 lieri
523 704 581 746 nou
603 687 733 761 potuisse
754 691 787 744 ut
808 687 940 747 Herodes
962 689 993 746 iu
1014 688 1101 748 aliam
1123 701 1225 745 navem
1246 686 1393 759 ingressus
1421 681 1605 740 occideretur
1626 686 1713 753 atque
1734 686 1796 738 tum

108 787 140 844 in
154 801 234 846 mare
249 786 434 859 abjiceretur.
484 788 579 858 Atque
601 803 637 845 ne
659 791 689 844 te
711 783 840 844 offendat
860 785 1021 860 perfectum
1043 793 1156 860 tempus
1178 783 1256 842 vocis
1279 777 1452 847 τεθνεῶτος,
1475 796 1509 841 eo
1531 780 1663 840 Herodes
1684 780 1794 839 occisus

105 887 208 958 jacens
220 883 420 960 significatur.

256 984 305 1046 Or.
329 985 364 1058 V,
393 989 443 1048 28.
493 985 575 1058 Quod
604 986 756 1046 Beklrerus
785 1003 839 1060 pro
871 982 1111 1069 παραστήσομαι
1146 983 1211 1041 coll.
1247 981 1263 1058 ξ
1295 983 1335 1038 24
1366 979 1519 1052 proposuit
1541 973 1797 1060 παρασχήσομαι,

108 1079 295 1141 Maetzuerus
315 1089 346 1142 et
367 1085 496 1144 Blassius
516 1091 704 1162 recepemnt;
739 1086 790 1144 sed
826 1085 959 1158 forsitan,
994 1083 1091 1157 credo,
1126 1083 1157 1140 in
1188 1082 1239 1139 illo
1262 1079 1358 1152 capite
1379 1081 1419 1137 24
1440 1077 1504 1150 ipso
1519 1073 1613 1134 forme
1631 1074 1798 1133 inusitatior

112 1180 340 1268 superliminare
360 1187 500 1245 mutanda
520 1187 559 1244 sit
579 1188 609 1246 in
633 1183 875 1269 παραστήσομαι
906 1202 974 1244 nam
1000 1200 1059 1244 non
1084 1183 1175 1243 solum
1197 1177 1274 1253 apud
1301 1182 1413 1236 ceteros
1441 1180 1576 1234 oratores
1605 1174 1710 1233 atticos
1736 1187 1798 1230 sae-

110 1283 227 1355 pissime
251 1278 416 1364 παρέξομαι
432 1279 501 1349 τοὺς
514 1281 681 1368 μάρτυρας,
703 1303 858 1360 numquam
881 1280 1114 1367 ropaqp'onpm
1131 1275 1200 1345 τοῦς
1214 1299 1247 1358 μ.
1270 1277 1432 1346 invenerim
1454 1275 1506 1333 sed
1533 1275 1622 1332 etiam
1647 1273 1797 1372 dutiphon

109 1381 172 1454 ipse
193 1387 224 1440 at
244 1381 261 1457 ἕ
283 1386 322 1441 20
344 1389 375 1441 et
395 1383 411 1460 fi
433 1387 472 1442 22
494 1383 588 1446 forma
610 1379 776 1466 παρέξομαι
797 1386 906 1457 utitur,
942 1399 1036 1455 neque
1054 1380 1213 1464 μάρτυρας
1237 1371 1436 1459 παρίστασθαι
1464 1376 1507 1435 ab¹
1537 1375 1638 1433 Attico
1666 1386 1797 1431 sermone

110 1481 271 1540 abhorrere
292 1474 398 1543 docent
416 1484 474 1541 loci
496 1485 570 1543 lsaei
591 1486 640 1558 IV,
665 1489 702 1545 13
724 1492 755 1544 et
775 1485 827 1558 lx,
853 1488 899 1546 13.

264 1581 314 1640 Or.
336 1582 370 1655 V,
395 1585 443 1643 31.
486 1583 569 1654 Quod
590 1600 645 1656 pro
667 1578 700 1641 ἐν
722 1577 841 1652 τούτοις,
863 1583 939 1655 quod
961 1583 1073 1641 codices
1096 1595 1194 1642 omnes
1220 1577 1367 1650 exhibent,
1395 1574 1539 1649 Sauppius
1561 1573 1723 1646 suspicatus
1745 1575 1798 1642 est,

110 1679 240 1738 Blassius
262 1682 374 1754 recepit
396 1677 428 1740 ἐν
450 1678 556 1762 τούτῳ,
578 1682 712 1754 equidem
733 1682 788 1740 hac
809 1682 969 1742 mutatione
991 1695 1063 1754 opus
1081 1695 1143 1746 ,non
1165 1693 1227 1736 esse
1256 1675 1405 1747 arbitror,
1433 1674 1520 1734 modo
1550 1671 1650 1736 αὐτοῖς
1674 1687 1710 1729 ne
1731 1685 1799 1728 con-

108 1781 214 1852 jungas
236 1795 298 1837 curn
322 1775 439 1853 τούτοις,
461 1781 634 1841 sedstetuas
656 1777 756 1846 αὐτοῖς
773 1781 932 1856 significari
954 1776 1022 1845 τούς
1037 1771 1297 1856 βασανιζομένους,
1318 1769 1430 1838 τούτοις
1455 1773 1627 1847 pronomine
1656 1768 1799 1846 appellari

113 1872 182 1941 τούς
196 1873 431 1954 dorononiam
451 1881 492 1939 sic
513 1886 625 1940 vertas:
646 1898 763 1956 penes
784 1881 851 1940 hos
874 1881 971 1940 enim
992 1880 1162 1953 ipsorum
1183 1877 1289 1935 salus
1312 1878 1377 1932 est.
1419 1863 1519 1944 Atque'
1537 1872 1592 1929 hoc
1614 1869 1738 1942 cujusvis
1753 1871 1798 1925 est

113 1977 287 2050 intelligere,
309 1982 370 2035 tum
390 1978 523 2052 maxime,
546 1997 632 2052 quum
655 1981 677 2039 ii
698 1981 754 2055 ipsi
772 1981 877 2053 absint,
899 1997 971 2052 quos
993 1980 1067 2042 falso
1088 1979 1256 2040 testimonio
1277 1976 1404 2046 laedant,
1426 1986 1576 2030 servorum
1592 1972 1715 2029 salutem
1730 1983 1800 2042 pen-

112 2077 183 2136 dere
205 2078 243 2137 ab
262 2073 464 2155 βασανισταῖς.

265 2176 315 2237 Οτ,
336 2177 371 2250 V,
394 2181 442 2239 39.
484 2177 661 2253 Quamquam
683 2183 713 2239 in
734 2181 833 2240 codice
854 2183 881 2239 A
901 2180 979 2238 inter
1000 2177 1048 2238 ὑπ’
1071 2175 1143 2258 ἐμοῦ
1165 2185 1195 2238 et
1216 2172 1314 2242 ἐνθεὶς
1331 2181 1376 2235 est
1396 2174 1500 2232 lacuna
1528 2171 1618 2228 trium
1647 2169 1799 2227 literarum

113 2291 214 2348 capax,
236 2282 334 2335 tamen
355 2279 442 2353 vulgo
464 2280 615 2353 legebatur
637 2278 686 2339 ὑπ’
709 2277 781 2360 ἐμοῦ
803 2273 907 2348 eodelr,
929 2278 1021 2338 donec
1035 2279 1065 2336 in
1086 2279 1122 2337 N.
1143 2277 1332 2335 Maetznerus
1354 2275 1466 2333 invenit
1496 2267 1544 2330 ύπ’
1568 2265 1639 2328 suot
1669 2262 1800 2326 συνελὼν

114 2373 163 2433 καὶ
184 2369 281 2441 lumi<
299 2384 386 2449 atque
407 2379 475 2437 inde
496 2383 625 2440 restituit
648 2377 696 2440 ded
720 2377 792 2461 ἐμοῦ
814 2373 984 2438 συνανελὼν
1006 2376 1054 2437 καὶ
1075 2369 1233 2440 ουνενύείς.
1276 2374 1367 2445 Quem
1395 2372 1556 2430 rectissime
1585 2367 1730 2427 Blossium
1757 2379 1801 2422 se-

113 2479 211 2534 cutum
232 2491 295 2534 esse
316 2493 428 2551 censeo,
451 2497 622 2554 quamquam
645 2481 788 2556 Sauppius
811 2479 952 2550 (Quaestt.
973 2478 1092 2551 Autiph.
1114 2491 1182 2550 pag.
1206 2475 1257 2552 17)
1279 2490 1314 2532 ex
1335 2475 1362 2532 A
1384 2467 1432 2531 ὑπ’
1448 2466 1521 2550 ἐμοῦ
1542 2459 1801 2537 συνενύεὶςυοιιήο-

114 2582 196 2635 cerat
218 2582 248 2636 et
269 2578 324 2636 hoc
345 2580 481 2638 restituto
502 2581 663 2640 arbitratus
685 2587 749 2641 erat
770 2581 964 2640 necessarium
984 2595 1043 2637 nou
1065 2593 1127 2635 esse
1150 2574 1258 2634 addere
1280 2590 1316 2632 ex
1336 2573 1364 2656 N
1390 2566 1560 2630 ουνανελὼν
1582 2565 1630 2625 καὶ
1658 2571 1688 2624 et
1709 2578 1802 2636 nuper

114 2675 169 2732 hoc
190 2680 293 2734 contra
314 2677 462 2760 Blossium
487 2677 617 2739 defendit
639 2680 808 2743 Schoellius.
850 2681 924 2739 Nam
946 2696 982 2738 ea
1003 2684 1067 2737 arte
1089 2679 1183 2736 utitur
1204 2680 1313 2748 orator,
1335 2681 1377 2747 ut,
1400 2673 1477 2746 quod
1504 2685 1603 2728 servus
1632 2668 1709 2725 iuter
1740 2670 1802 2722 tor-

114 2781 213 2834 menta
235 2776 368 2836 ediderat
389 2793 419 2836 se
441 2795 499 2836 uus
520 2797 584 2838 cum
605 2798 656 2839 reo
677 2781 823 2841 Herodem
849 2780 999 2840 sustulisse
1029 2772 1233 2855 (συνανελεῖν),
1263 2777 1349 2848 quum
1378 2776 1560 2831 accusatores
1588 2767 1689 2828 eodem
1717 2777 1803 2822 sensu

116 2876 304 2949 accepissent,
326 2893 359 2936 ac
380 2879 405 2935 si
427 2877 548 2936 dixisset
568 2896 599 2938 se
620 2897 677 2938 una
705 2897 767 2938 cum
797 2895 847 2938 reo
868 2878 1014 2937 Herodem
1044 2877 1182 2936 occidisse
1205 2869 1441 2952 (nosocomium
1461 2869 1477 2947 ἓ
1500 2872 1538 2930 39
1563 2863 1626 2946 in),
1654 2865 1709 2922 hoc
1740 2862 1802 2934 ipse

115 2975 189 3034 nihil
203 2976 282 3033 aliud
297 2976 460 3050 significare
475 2980 642 3052 contendat,
664 2996 750 3053 quam
771 2981 796 3037 si
818 2996 916 3038 servus
938 2977 1060 3036 dixisset
1081 2993 1111 3034 se
1132 2975 1278 3033 Herodem
1300 2972 1337 3031 ab
1358 2988 1409 3030 reo
1428 2972 1489 3043 jam
1510 2967 1634 3026 occisum
1659 2977 1717 3021 una
1739 2976 1803 3019 cum

116 3091 168 3134 reo
190 3091 226 3134 ex
246 3077 309 3135 solo
324 3078 474 3135 sustulisse
496 3078 577 3135 etin
599 3079 721 3137 alteram
742 3093 845 3136 navem
866 3082 1097 3152 transportatum
1118 3077 1148 3135 in
1169 3091 1249 3134 mare
1278 3072 1411 3145 injecisse
1438 3067 1486 3142 (ci.
1509 3067 1525 3144 ᾗ
1548 3070 1586 3124 42
1617 3061 1634 3119 ύ
1658 3058 1715 3142 μὲν
1746 3055 1803 3139 γὰρ

119 3167 251 3249 ἐκβάντα
268 3171 301 3252 μ’
325 3166 384 3255 ἔφη
405 3171 440 3234 ἐκ
462 3175 512 3235 τοῦ
535 3171 635 3235 πλοίου
656 3173 825 3236 α’ποιιττῖναι
846 3176 895 3236 τὸν
923 3171 1040 3259 ἄνδρα,
1076 3174 1124 3234 καὶ
1153 3171 1244 3238 αύτῦς
1267 3165 1326 3254 ήδη
1356 3164 1508 3229 retrectat
1536 3158 1706 3224 συνανελεῖν
1729 3158 1802 3239 μοι).

118 3272 209 3344 Quale
231 3275 428 3335 testimonium
449 3277 512 3334 veri
533 3293 618 3348 quam
640 3277 678 3335 sit
701 3276 848 3350 dissimile,
871 3277 1087 3336 demonstratur
1109 3275 1192 3352 §lim
1214 3272 1332 3331 maximi
1354 3274 1450 3328 autem
1471 3264 1609 3324 momenti
1630 3262 1702 3319 haec
1723 3256 1804 3315 calli·

118 3372 236 3431 dissime
257 3374 463 3448 interpretatio
484 3375 643 3434 testimonii
664 3375 702 3435 ab
723 3391 806 3434 servo
828 3376 900 3435 editi
921 3392 957 3434 eo
977 3374 1020 3449 fit,
1043 3376 1120 3448 quod
1142 3391 1200 3433 nou
1221 3371 1356 3445 congruit
1377 3368 1510 3438 cumeis,
1532 3379 1606 3437 quae
1628 3361 1738 3433 scripta
1759 3358 1803 3414 iu-

117 3478 205 3530 venta
226 3489 288 3531 esse
309 3475 471 3534 adversarii
492 3476 628 3534 dixerunt
649 3475 679 3532 in
701 3475 835 3548 epistola,
857 3491 942 3548 quam
964 3490 1030 3533 reus
1057 3472 1243 3531 subditiciam
1274 3486 1335 3529 esse
1363 3469 1417 3526 hoc
1446 3467 1616 3539 argumento
1645 3460 1725 3517 nisus
1754 3456 1803 3515 de-

117 3576 261 3630 monstrat
283 3571 317 3648 ἐξ
340 3575 388 3634 54.
411 3575 460 3635 55.
483 3576 531 3633 56.

271 3674 320 3735 Or.
343 3675 376 3746 V,
400 3677 448 3734 41.
491 3674 667 3733 Particulam
690 3671 738 3732 καὶ
759 3681 826 3734 aute
845 3670 983 3752 βεβαιῶν
1004 3671 1168 3744 deleverim,
1202 3675 1234 3729 ut
1256 3675 1285 3729 et
1301 3665 1400 3752 χάριτι
1422 3663 1458 3748 τῇ
1479 3658 1534 3744 ἐμή·
1556 3665 1586 3720 et
1604 3647 1802 3732 ἀναγκαᾶῖμε·

119 3791 170 3837 νος
187 3773 246 3831 sint
267 3789 381 3846 causae,
404 3771 507 3848 quibus
529 3771 566 3830 ad
588 3771 786 3833 confirmanda
807 3775 906 3849 priora
928 3773 1095 3833 testimonia
1116 3787 1215 3830 servus
1237 3771 1275 3829 sit
1297 3773 1453 3844 permotus.
1788 3846 1803 3860 .

271 3871 321 3934 Or.
342 3871 377 3944 V,
399 3876 448 3934 42.
491 3871 586 3945 Vulgo
608 3872 716 3946 legitur
737 3890 801 3933 cum
822 3873 904 3934 codd.
933 3873 993 3937 τοῖς
1006 3869 1064 3952 μὲν
1088 3868 1216 3953 πρώτοις
1240 3866 1289 3926 καὶ
1319 3867 1378 3930 τοῖς
1404 3859 1527 3944 ὕστερον
1556 3854 1653 3934 λύγοις
1675 3849 1735 3916 τοῖς
1754 3865 1804 3908 του

118 3965 284 4053 ἀνθρώπου
305 3965 507 4050 συνεφέρετο;
527 3971 578 4029 sed
600 3979 629 4030 et
652 3974 682 4031 in
703 3973 737 4050 §d
758 3977 809 4032 40.
831 3977 868 4032 41
893 3978 923 4031 ct
943 3973 974 4030 iu
996 3975 1037 4031 eis
1057 3988 1130 4045 quae
1152 3974 1284 4029 nostrum
1305 3968 1399 4026 locum
1419 3963 1550 4038 proxime
1572 3958 1733 4029 sequuntur
1748 3964 1805 4008 uon

119 4070 155 4129 de
176 4070 297 4145 duobus,
320 4071 371 4130 sed
393 4071 429 4129 de
450 4071 545 4130 tribus
567 4073 644 4131 servi
664 4073 838 4132 testimoniis
859 4073 966 4145 agitur,
988 4073 1082 4146 primo
1104 4069 1181 4142 quod
1202 4074 1271 4127 ante
1292 4069 1478 4135 tormentum,
1506 4062 1600 4119 altero
1630 4053 1708 4128 quod
1728 4051 1806 4108 inter

118 4175 274 4244 tormenta,
296 4176 443 4244 postremo
465 4172 543 4244 quod
563 4179 630 4246 post
651 4177 826 4232 tormentum
848 4173 989 4235 ediderat.
1025 4172 1151 4244 Quomm
1173 4185 1260 4241 quum
1281 4164 1405 4239 primum
1427 4166 1457 4221 et
1477 4164 1654 4235 postremum
1676 4155 1755 4212 inter
1775 4163 1805 4206 se

120 4271 317 4344 congruerint,
340 4270 523 4331 scribendum
544 4273 660 4332 videtur
682 4272 742 4337 τοῖς
759 4266 919 4332 ύστατον
940 4269 1041 4352 λύγοις.
1410 4347 1412 4350 ¹

273 4370 322 4433 Or.
345 4372 379 4443 V,
403 4374 452 4433 57.
494 4372 592 4432 Verba
613 4367 690 4430 ἀλλὰ
712 4367 762 4431 δεῖ
775 4369 909 4455 μεμάλήν
931 4371 982 4455 τήν
1003 4365 1116 4456 ἔχθραν
1138 4366 1279 4452 ύπύρχειν
1312 4365 1355 4446 τῷ
1386 4361 1471 4422 τοῦτο
1497 4353 1635 4438 μέλλοντι
1667 4347 1803 4460 ποιήσειν,

122 4465 244 4550 καλιήν
267 4466 407 4550 πρύνοιαν
429 4468 463 4530 ἐκ
485 4468 601 4531 πολλῶν
622 4468 758 4554 φανερὰν
779 4467 853 4532 εἷναι
873 4469 930 4552 (N3
953 4477 1020 4534 cett.
1044 4465 1117 4530 εἶναι
1138 4463 1285 4550 φανερὰν)
1308 4455 1572 4542 ἐπιβουλευομένην
1593 4473 1658 4516 cum
1685 4448 1804 4510 Reiskro

121 4567 208 4641 vulgo
230 4569 270 4626 sic
292 4567 354 4628 lere
375 4573 559 4647 intelligunt:
581 4571 632 4630 sed
653 4587 773 4646 magnas
795 4587 911 4631 necesse
933 4576 977 4630 est
998 4571 1160 4628 simultates
1189 4584 1252 4626 cum
1279 4567 1373 4624 altero
1401 4559 1584 4620 intercedere
1614 4557 1648 4628 ei,
1679 4551 1728 4624 qui
1746 4548 1806 4606 tale

122 4669 190 4740 quid
212 4666 309 4737 lacere
331 4671 387 4730 sibi
408 4671 556 4744 proponit,
568 4677 598 4730 et
619 4687 634 4730 e
655 4671 754 4730 multis
775 4677 910 4732 constare
931 4669 1046 4728 indiciis
1068 4669 1188 4728 alterius
1208 4666 1287 4724 vitae
1309 4665 1346 4724 ab
1369 4664 1462 4722 altero
1490 4658 1611 4718 insidias
1633 4647 1807 4725 comparari.

120 4770 155 4827 In
177 4787 233 4842 quo
255 4775 418 4843 sunt,quae
439 4787 484 4830 me
505 4771 665 4834 offendant.
707 4771 835 4830 Primum
857 4771 942 4843 enim,
965 4770 990 4827 si
1012 4765 1064 4849 τήν
1087 4761 1225 4847 πρόνοιαν
1247 4761 1352 4822 referri
1373 4763 1460 4820 vellet
1483 4759 1521 4818 ad
1537 4775 1611 4828 eum,
1627 4754 1677 4828 qui
1686 4749 1808 4810 iusidias

120 4874 210 4941 parat
232 4869 318 4927 alteri
341 4877 369 4928 et
391 4869 466 4930 hanc
488 4871 525 4931 ob
547 4885 661 4929 causam
685 4869 722 4928 ab
744 4871 837 4928 altero
860 4868 947 4929 caede
969 4867 1151 4944 opprimitur,
1173 4864 1250 4923 idem
1270 4864 1316 4923 his
1338 4861 1435 4921 verbis
1457 4865 1559 4920 orator
1580 4856 1709 4922 dixisset,
1732 4848 1810 4926 quod
