4118 5522
773 253 777 265 ·
862 231 883 302 6

30 431 170 489 concinne
180 431 260 503 loqui
271 430 415 489 studuisse
426 430 569 503 videatur,
591 432 708 489 minime
730 431 871 490 concinne
892 433 1006 492 locutus
1028 436 1081 503 est,
1103 447 1189 502 quum
1211 429 1362 502 inpriore
1391 423 1714 506 enuntiationis'parte

30 529 88 589 duo
109 530 266 603 partieipia
288 535 426 602 sequatur
447 545 505 588 una
526 530 673 604 apodosis,
703 530 733 588 in
755 531 850 588 altera
879 530 1088 590 enuntiationis
1118 534 1203 603 parte
1230 545 1318 588 unum
1345 530 1530 604 participium
1556 537 1714 609 sequantur

30 630 87 688 duo
110 629 272 703 epodoseis.
314 629 457 700 Equidem
479 629 601 688 ethaeo
628 635 658 688 et
688 645 762 702 quae
796 629 944 702 Kayserus
970 645 1099 701 quaeque
1131 629 1259 686 Blassius
1288 628 1424 686 viderunt
1451 630 1523 687 vitia
1552 630 1619 688 inde
1647 636 1714 694 orta

31 729 173 802 suspicor,
208 726 284 800 quod
318 728 351 800 is,
384 729 435 800 qui
467 744 643 787 communem
675 728 804 786 codicum
836 733 1002 787 nostrorum
1033 726 1141 787 iontem
1170 728 1295 800 scripsit,
1335 729 1365 786 in
1387 729 1432 786 sui
1459 729 1610 805 archetypi
1634 735 1714 790 textu

31 829 70 886 ad
91 827 252 901 marginem
275 828 386 900 scripta
407 827 552 886 invenerit
574 827 664 885 verba
685 834 715 886 et
738 823 776 884 τά
796 823 901 906 νύμιμα
923 821 1075 910 συηχέουσι
1096 833 1126 886 et
1147 823 1261 892 ἀδίκως
1275 822 1310 885 δὲ
1325 820 1455 886 ύάνατυν
1475 823 1718 905 ἐπιβουλεύοντες

29 933 60 986 et
83 927 184 1008 φονεῖς
197 947 256 1006 μου
279 922 442 1006 pinnatae:
477 932 564 1000 atque
593 928 687 988 locum
715 929 755 986 sic
785 929 999 986 constituerim:
1029 918 1157 1006 καύαρηῖ
1182 919 1238 1004 μέν
1255 943 1307 1004 μοι
1337 927 1390 1009 τῆς
1414 923 1512 993 αἰτίας
1535 923 1596 987 ἀντι
1623 927 1714 1009 φύνον

34 1023 243 1094 ἐπικαλοῦντες
261 1024 296 1088 τά
319 1024 424 1106 νύμιμα
446 1022 607 1109 συηχέουσι·
630 1021 866 1108 ἀποστεροῦντες
884 1021 920 1084 (λε’
936 1044 976 1104 με
999 1023 1049 1082 τοῦ
1073 1020 1142 1102 βίου
1172 1021 1206 1109 ῦν
1238 1023 1255 1082 a
1283 1020 1357 1091 ύεάς
1382 1022 1543 1108 παρέδωκέ
1567 1047 1618 1106 μοι
1648 1027 1715 1108 περὶ

31 1127 80 1186 τὸν
102 1123 174 1186 ύεάν
195 1123 362 1204 ἀσεβοῦσιν·
384 1121 498 1190 ἀδίκως
514 1121 551 1184 δὲ
573 1117 702 1184 ύάνατον
723 1119 966 1200 ἐπιβουλεύοντες
984 1124 1086 1205 φονεῖς
1100 1143 1159 1204 μου
1182 1121 1332 1202 γίγνονται·
1354 1121 1521 1192 ἀνοσίωςά
1543 1123 1713 1186 ἀποκτεῖναι

29 1225 109 1307 ὑμᾶς
123 1245 163 1305 με
186 1219 339 1291 πείύοντες
356 1224 404 1284 καί
425 1223 477 1305 τῆς
497 1220 644 1310 ὑμετέρας
661 1219 805 1301 ἀσεβείας
822 1215 908 1282 αἴτιοί
919 1219 989 1284 εἶσί.

179 1325 228 1385 Or.
250 1325 299 1398 IV,
323 1343 347 1402 p,
374 1329 398 1386 1.
438 1325 527 1399 Fugit
549 1325 692 1383 Blassium
714 1341 769 1399 pro
798 1318 909 1404 φονέας
936 1320 1027 1382 αὑτοῦ
1057 1341 1119 1383 esse
1148 1325 1178 1382 in
1207 1325 1243 1397 N,
1266 1326 1343 1398 quod
1364 1327 1515 1386 Behherus
1538 1327 1713 1398 conjecerat,

30 1419 145 1505 φονέας
157 1419 257 1484 αὐτοῦ,
300 1424 408 1481 Tamen
429 1423 597 1496 probandus
618 1431 672 1497 est,
693 1423 770 1496 quod
791 1419 881 1482 αὐτοῦ
903 1439 961 1480 non
981 1424 1108 1497 recepit;
1141 1440 1208 1482 nam
1239 1431 1435 1488 accusatorem
1463 1425 1597 1484 deridere
1614 1425 1712 1497 verba,

29 1540 104 1596 quae
125 1540 191 1582 reus
213 1523 328 1581 dixerat
350 1541 375 1600 μ,
398 1527 417 1582 7
439 1523 540 1602 φονεῖς
554 1539 613 1601 μου
636 1516 787 1598 γίγνονται,
803 1523 873 1580 satis
889 1538 1031 1595 superque
1047 1523 1152 1582 docent
1172 1523 1263 1582 verba
1285 1519 1345 1592 ζῶν
1367 1543 1399 1584 τε
1420 1522 1468 1582 καί
1486 1518 1619 1601 βλέπων,
1641 1540 1714 1596 qnae

28 1640 148 1696 prorsus
170 1624 353 1696 languerent,
375 1623 399 1679 si
421 1622 587 1680 Bekherum
608 1627 637 1679 et
660 1621 787 1679 codicem
807 1619 835 1677 N
856 1636 1049 1693 sequeremur.
1695 1670 1702 1678 .

181 1721 231 1784 Or.
252 1719 301 1796 IV,
325 1741 350 1798 γ,
373 1724 401 1780 6.
444 1720 510 1780 Non
532 1718 687 1790 dehebant,
701 1720 813 1793 opinor,
836 1719 1222 1792 Turicenses‚Maetznerus,
1238 1721 1367 1780 Blassius
1380 1723 1569 1782 cumAcorr.
1583 1723 1713 1796 recipcre
1789 1706 1798 1722 ⁸

29 1816 130 1894 οὕτως,
155 1821 207 1881 sed
228 1827 328 1881 tenere
350 1821 426 1896 quod
448 1818 599 1877 Behkerus
621 1818 743 1876 dederat
765 1812 861 1882 οῦτω,·
893 1823 926 1876 ut
947 1819 1023 1876 enim
1045 1823 1157 1877 taceam
1179 1821 1209 1877 in
1231 1813 1325 1890 ούτος,
1342 1821 1419 1892 quod
1446 1839 1491 1895 pr.
1513 1823 1539 1880 A
1567 1823 1715 1893 ceterique

28 1922 142 1981 codices
165 1921 311 1992 exhibent,
334 1917 447 1976 facilius
469 1912 548 1975 οῦτιυ
568 1935 653 1990 quam
675 1912 772 1982 οὕτως
789 1918 871 1976 abire
893 1918 1030 1990 potuisse,
1056 1918 1144 1976 etiam
1166 1920 1207 1990 A,
1239 1938 1264 1996 γ,
1293 1923 1311 1978 9
1338 1936 1436 1978 omnes
1465 1921 1577 1979 codices
1605 1921 1715 1980 hahent

30 2017 66 2080 οῦ
73 2041 122 2079 τω
145 2016 180 2079 ἀὲ
202 2019 350 2101 φανερῶς.

181 2120 231 2178 Or.
252 2118 302 2189 iv,
324 2113 351 2190 d,
377 2123 402 2177 1.
445 2116 529 2188 Quod
550 2116 732 2190 Hirsehigius
756 2109 839 2181 εἶναι,
860 2111 937 2196 ἡμῖν,
959 2111 1002 2181 οἷς
1028 2117 1145 2192 scripsit
1167 2137 1221 2192 pro
1243 2114 1309 2200 η’μῖν
1335 2112 1408 2178 εῖναι
1434 2113 1485 2188 οῖς,
1514 2136 1571 2179 non
1598 2136 1715 2192 possum

28 2221 98 2292 quin
120 2221 150 2277 in
171 2219 285 2278 Reiskii
306 2218 444 2278 honorem
466 2218 644 2288 admoneam,
668 2233 732 2276 eum
754 2217 784 2274 in
804 2217 936 2275 versione
957 2218 1049 2277 latina
1072 2219 1193 2278 eandem
1207 2224 1404 2280 correcturam
1429 2219 1578 2292 praeiisse.
1619 2218 1715 2276 Vertit

28 2320 121 2378 enim:
143 2335 242 2377 verum
264 2323 370 2390 tamen,
392 2319 460 2391 quia
481 2319 651 2390 posterioris
683 2315 856 2377 defensionis
886 2317 1048 2389 periculum
1074 2334 1126 2376 nos
1155 2319 1254 2376 subire
1282 2319 1373 2376 tutius
1402 2323 1467 2376 erat
1495 2334 1579 2390 quam
1611 2317 1713 2390 ipsum,

28 2436 83 2492 ago
104 2423 203 2492 partes
226 2420 287 2490 ejus
310 2433 428 2491 agamus
451 2433 512 2488 nos,
537 2418 585 2489 qui
606 2423 675 2479 cett.
1614 2475 1615 2479 ,

179 2518 229 2578 Or.
251 2519 300 2591 IV,
322 2513 350 2589 d,
372 2520 400 2579 3.
441 2516 475 2573 In
496 2517 593 2574 verhis
615 2516 710 2575 rotroci
731 2514 766 2576 δὲ
789 2517 839 2577 τοῦ
862 2515 1018 2602 τεκμηρίου
1047 2515 1113 2600 ἡμῖν
1134 2512 1219 2582 ἀντος
1238 2513 1333 2598 τούτῳ
1367 2517 1410 2598 τῷ
1434 2514 1517 2576 παντί
1540 2509 1714 2598 προέχομεν,

27 2625 60 2677 ut
82 2623 111 2678 et
133 2613 240 2696 τούτῳ,
263 2617 361 2688 inquo
375 2615 546 2689 pronomine
565 2616 625 2687 jam
647 2615 791 2689 Sauppius
812 2617 942 2691 offendit,
965 2625 995 2679 et
1018 2618 1061 2700 τῷ
1083 2617 1166 2677 παντί
1187 2619 1293 2698 honum
1315 2634 1429 2677 sensum
1450 2617 1620 2691 praebeant,
1648 2621 1715 2689 post

29 2717 125 2775 κοινοῦ
147 2713 182 2775 δὲ
196 2716 389 2774 inserendum
417 2719 463 2772 est
492 2707 615 2782 ἐκείνου,
645 2715 722 2786 quod
755 2733 841 2788 quam
867 2717 952 2778 facile
980 2723 1102 2792 propter
1128 2717 1280 2775 literarum
1308 2716 1525 2776 similitudinem
1555 2732 1618 2774 cum
1645 2731 1714 2776 voce

28 2816 124 2874 κοινοῦ
139 2817 273 2875 excidere
289 2814 428 2888 potuerit,
451 2813 576 2885 euJ‘usvis
598 2819 642 2871 est
662 2811 834 2890 intelligere.
877 2817 932 2876 Est
955 2824 1050 2877 antem
1072 2813 1167 2876 ἐκεῖνο
1189 2814 1222 2874 τὸ
1244 2813 1398 2900 τεκμήριον
1419 2821 1621 2890 argumentum
1637 2815 1714 2888 quod

26 2918 158 2991 proxime
180 2914 336 2988 antecedit,
359 2914 464 2973 multos
483 2914 603 2985 jnrenes
625 2930 688 2972 esse
709 2917 813 2973 mentis
835 2917 1005 2990 constantis,
1016 2918 1122 2976 multos
1143 2933 1225 2974 senes
1247 2921 1391 2985 amentes;
1413 2915 1490 2987 quod
1504 2919 1731 2988 argumentum,-

26 3016 187 3075 eoncedeus
209 3017 297 3073 etiam
318 3031 420 3073 verum
442 3031 512 3086 esse,
526 3013 602 3086 quod
624 3012 805 3070 adversarius
828 3015 951 3086 dixerat,
971 3017 1090 3088 jnvenes
1112 3014 1197 3073 facile
1219 3015 1264 3078 ira
1284 3015 1403 3087 moveri,
1425 3031 1507 3073 senes
1528 3013 1632 3071 mentis
1648 3029 1715 3073 con-

26 3116 133 3173 stantis
155 3131 217 3172 esse
239 3115 342 3186 solere,
365 3114 474 3173 Noster
495 3115 644 3184 utriusque
666 3112 758 3185 partis
780 3128 929 3172 commune
951 3112 1071 3189 (κοινὸν)
1094 3131 1170 3173 esse:
1199 3119 1301 3172 contra
1329 3112 1415 3171 τοῦτο
1437 3112 1469 3172 τὸ
1492 3107 1646 3194 τεκμήριον
1668 3116 1713 3169 est

26 3220 230 3294 argumentum
252 3214 329 3286 quod
349 3213 481 3286 proxime
502 3215 648 3285 sequitur,
684 3217 772 3270 testes
803 3211 994 3271 affirmavisse
1026 3230 1123 3272 senem
1154 3213 1307 3272 verberum
1338 3213 1453 3270 initium
1485 3211 1600 3279 fecisse:
1637 3209 1714 3283 quod

27 3320 148 3374 totum
169 3331 186 3372 a
206 3313 252 3371 rei
273 3317 358 3386 parte
379 3327 442 3370 esse
464 3310 536 3368 dicit
558 3308 701 3372 defensor.
996 3373 1000 3384 ⁸

178 3413 278 3472 Etiam
299 3427 373 3484 quae
395 3412 494 3485 paullo
515 3407 593 3467 infra
613 3413 749 3484 leguntur
771 3404 803 3469 εί
813 3430 846 3470 τε
859 3407 916 3492 γὰρ
939 3408 956 3466 ri
979 3406 1120 3479 πατάξας,
1143 3406 1191 3468 διὰ
1215 3408 1265 3492 τὴν
1295 3407 1407 3492 πληγὴν
1432 3405 1617 3489 βιασάμενος
1639 3405 1718 3472 ύαάς

28 3506 243 3596 ἐπιτρεφύῆναι
264 3507 369 3593 ίατρῷ,
388 3505 503 3589 μᾶλλον
525 3506 576 3566 τοῦ
599 3506 828 3596 ἀποκτείναντος
846 3507 957 3592 φονεύς
976 3505 1063 3579 ἐστιν,
1086 3509 1103 3567 ύ
1125 3505 1223 3592 ἄρξας
1241 3510 1294 3592 τῆς
1321 3508 1435 3593 πληγῆς
1460 3506 1570 3592 φονεύς
1588 3505 1713 3588 γίηνεται
1737 3559 1738 3562 ,

26 3620 165 3687 corrupta
187 3629 248 3672 esse
270 3611 338 3670 inde
359 3615 491 3685 apparet,
515 3609 591 3682 quod
612 3609 764 3682 particulis
786 3603 866 3670 εἴτε
887 3628 945 3670 non
972 3610 1147 3685 respondent
1174 3610 1268 3668 altera
1300 3604 1331 3670 εἴ
1348 3629 1379 3671 τε
1386 3628 1398 3676 ,·
1432 3626 1605 3684 quamquam
1637 3608 1714 3680 quod

26 3715 173 3786 Kayserus
194 3712 355 3785 suspicatus
377 3716 430 3783 est,
440 3712 471 3769 in
493 3710 597 3783 capitis
619 3710 717 3781 quarti
737 3711 823 3771 initio
845 3718 912 3770 ante
935 3703 996 3769 ἔστι
1018 3706 1053 3768 δὲ
1074 3709 1213 3768 excidisse
1235 3708 1297 3769 fere
1312 3712 1399 3770 haec:
1422 3704 1482 3770 εἴτε
1504 3707 1521 3766 ύ
1542 3703 1710 3784 ἐπιβουλεύ·

28 3832 85 3878 σας
103 3807 177 3870 κατὰ
199 3807 250 3870 τού
272 3806 359 3890 νύμον
381 3805 491 3890 φονεύς
510 3805 644 3887 pinetae,
666 3809 715 3866 vix
736 3809 786 3866 ille
809 3810 942 3882 cuiquam
962 3809 1158 3885 persuadebit.
1200 3810 1274 3868 Mihi
1296 3815 1362 3884 post
1389 3806 1501 3891 πληγὴν
1528 3808 1712 3868 inserendum

26 3929 90 3971 esse
100 3911 216 3971 videtur
225 3901 302 3983 εἴτε,
313 3911 357 3968 ita
368 3914 401 3966 ut
410 3908 595 3981 participium
604 3901 903 3985 βιασάμενοςῖιουοοι
913 3909 969 3966 vim
981 3910 1124 3967 causalem
1146 3914 1175 3968 et
1197 3902 1277 3968 εἴτε
1298 3906 1347 3968 διὰ
1369 3909 1421 3992 την
1444 3904 1554 3992 πληγὴν
1581 3913 1612 3966 et
1634 3900 1713 3967 εἴτε

24 4007 210 4089 βιασάμενος
227 4010 305 4068 inter
326 4025 356 4067 se
378 4008 587 4081 respondeant;
610 4022 696 4079 quarn
711 4006 749 4064 ad
763 4008 995 4068 emendationem
1009 4025 1100 4082 prope
1115 4010 1235 4068 accessit
1249 4007 1402 4081 Linderus,
1418 4026 1505 4081 quum
1518 4014 1585 4082 post
1602 4005 1713 4089 πληγὴν

23 4111 141 4182 juberet
164 4102 223 4168 εἴτε
244 4107 293 4166 καί
314 4107 330 4166 ύ
352 4108 420 4166 addi
439 4107 571 4179 juberet;
593 4106 643 4178 qui
665 4106 695 4162 in
717 4121 752 4164 eo
774 4107 836 4165 solo
858 4109 978 4179 erravit,
1001 4107 1087 4180 quod,
1110 4108 1179 4180 quia
1201 4105 1218 4165 ύ
1241 4103 1375 4173 πατάξας
1402 4108 1478 4167 idem
1509 4113 1553 4166 est
1586 4115 1673 4180 atque
1695 4105 1712 4162 ύ

24 4205 217 4289 βιασάμενος,
227 4210 365 4268 articulus
387 4214 455 4266 ante
474 4201 662 4284 βιασάμενος
679 4203 751 4263 terri
772 4221 830 4264 non
851 4211 958 4279 potest.
999 4210 1095 4279 Atque
1114 4209 1234 4279 juvatur
1255 4212 1355 4267 nostra
1376 4208 1541 4267 emendatio
1574 4208 1615 4265 eis
1637 4222 1711 4279 quae

26 4307 106 4366 infra
126 4310 276 4382 leguntur:
299 4300 386 4372 υῦτος
405 4309 439 4380 (i.
462 4323 487 4364 e.
510 4303 527 4362 ὁ
548 4299 647 4384 ἄρξας
665 4301 716 4384 τῆς
738 4299 860 4384 πληγῆς)
883 4300 1032 4386 ἠνάγκασε
1059 4301 1108 4364 τύν
1130 4323 1162 4362 τε
1191 4301 1372 4384 ἀμυνόμενον
1401 4307 1436 4379 (i.
1465 4322 1491 4364 e.
1521 4304 1539 4363 ύ
1566 4301 1710 4380 πατάξας)

28 4401 207 4464 ἀντιτύπτειν
229 4405 264 4478 (i.
287 4421 312 4466 e.
335 4402 398 4463 ἀντι
408 4399 614 4486 πλήττειν),
645 4399 694 4461 τύν
717 4421 748 4461 τε
771 4398 916 4483 πληγέντα
937 4400 985 4463 ἐπὶ
1007 4402 1055 4463 τάν
1077 4401 1177 4486 ἰατρὸν
1199 4397 1296 4463 ἐλθεῖν
1328 4407 1361 4474 (i.
1382 4423 1407 4468 e.
1431 4397 1645 4487 ἐπιτρεφάῆναι
1667 4403 1710 4484 τῷ

28 4501 142 4585 ἰατρῷ).
162 4537 203 4546 -
223 4505 320 4563 Verba
342 4509 439 4562 autem
460 4501 570 4584 φονεύς
587 4501 664 4562 ἐστιν
686 4519 778 4574 neque
799 4520 871 4561 cum·
884 4503 1051 4578 Brieglebio
1073 4509 1139 4577 post
1160 4499 1255 4584 ἰατρῷ
1285 4520 1378 4576 neque
1399 4521 1462 4564 cum
1491 4505 1623 4578 Kaysero
1644 4509 1710 4578 post

27 4603 45 4662 ύ
68 4599 202 4669 πατάξας
219 4603 387 4662 collocanda
410 4618 480 4673 esse,
501 4602 602 4660 sedin
623 4617 675 4690 suo
696 4604 760 4662 loco
781 4607 859 4661 stare
881 4601 952 4660 mihi
972 4602 1116 4674 videntur,
1138 4602 1215 4674 quod
1236 4603 1262 4662 ei
1283 4603 1482 4677 quiloquitnr,
1505 4602 1522 4660 a
1537 4598 1714 4668 ἀποκτείνας

28 4710 72 4763 est
94 4704 220 4763 medicus
243 4701 293 4779 (f.
315 4701 331 4778 ᾗ
354 4706 371 4762 8
394 4699 429 4761 ού
451 4697 508 4782 γάρ
530 4697 586 4760 ὑπὸ
609 4703 668 4759 τῶν
691 4698 821 4782 πληγῶν,
851 4695 915 4757 ἀλλ’
945 4697 1002 4758 ύπύ
1031 4699 1081 4760 τοῦ
1111 4697 1212 4784 ἰατροῦ
1240 4695 1406 4771 ἀπέύανεν,
1438 4700 1482 4768 ὡς
1506 4700 1534 4760 οί
1558 4699 1714 4785 μάρτυρες

23 4801 246 4886 μαρτυροῦσιν).
281 4804 376 4874 Atque
397 4801 553 4874 respondet
573 4803 653 4861 locus
675 4808 775 4861 noster
795 4800 833 4860 ad
854 4817 889 4860 ea
910 4817 983 4873 quae
1006 4821 1031 4878 γ,
1054 4804 1070 4861 5
1102 4807 1254 4861 accusator
1276 4802 1390 4861 dixerat
1411 4799 1438 4860 εἰ
1457 4797 1493 4861 δέ
1515 4821 1556 4859 τοι
1583 4802 1632 4860 καὶ
1653 4799 1710 4863 ὑπὸ

830 4999 838 5024 1
