4118 5522
1185 231 1206 300 5

506 429 555 492 Or.
576 431 629 502 lll,
653 447 678 506 r,
704 432 740 488 10
762 428 802 490 in.
844 428 874 485 in
896 427 1044 487 codicibus
1065 428 1106 488 sic
1127 429 1248 503 legitur:
1282 423 1354 486 οῦδὲ
1376 426 1429 508 τῆς
1447 422 1595 508 ἁμαρτίας
1614 421 1701 486 τοῦδε
1725 424 1767 506 τῷ
1801 423 1863 494 (τοῦ
1884 424 1924 501 N)
1953 419 1993 482 ἀκ

354 525 425 595 οίινς
444 525 635 590 ἀποκτεῖναι,
657 575 665 590 .
687 573 695 589 .
716 572 724 586 .
747 522 914 586 ἀπολύεται
957 525 1040 597 Quod
1061 527 1135 588 nihil
1155 541 1218 586 esse
1239 528 1311 586 satis
1331 527 1436 600 liquet3
1458 543 1551 599 neque
1572 532 1670 586 tamen
1692 539 1737 586 vv.
1759 525 1807 588 dd.
1839 525 1935 586 locum
1957 541 1994 584 sm

353 630 413 688 turi
435 629 506 688 satis
528 632 664 688 accurate
694 627 855 700 respexisse
882 625 1018 684 videntur
1047 642 1082 684 ea
1109 613 1185 698 qnae
1213 632 1373 699 sequnntur
1401 621 1478 684 ἀλλά
1505 622 1586 685 κοινὰ
1616 622 1774 707 ἀμφύτερα
1806 623 1898 683 ταῦτα
1931 623 1995 704 ἀμρ

354 726 453 790 αὐτοῖν
476 723 553 788 ἐστιν
576 733 662 800 etque
683 727 845 801 neglexisse
867 727 940 786 baec
961 726 1069 786 eadem.
1085 726 1143 786 dici
1165 732 1288 800 epatre
1303 726 1415 799 eodem,
1426 726 1476 798 qui
1485 726 1515 784 in
1527 726 1568 784 eis
1577 742 1652 798 quae
1661 725 1842 800 praecedunt
1851 739 1962 784 summa
1976 741 1995 782 c

353 829 518 905 pertinacia
538 828 569 886 in
598 844 679 886 suum
710 825 801 894 lilium
829 827 943 900 culpam
975 827 1104 898 aliquam
1135 827 1240 888 cadere
1271 827 1443 901 negavisset.
1495 826 1663 900 Respondet
1695 832 1792 887 autem
1823 825 1872 884 bic
1901 826 1981 884 locus

353 925 453 1000 verba,
477 943 551 999 quae
573 927 710 1000 leguntur
728 921 761 1002 β,
785 928 819 986 9:
855 920 912 984 ὑπὸ
929 920 987 1004 μὲν
1009 923 1066 1006 γὰρ
1088 924 1143 1006 τῆς
1160 921 1252 984 αὐτοῦ
1274 924 1324 984 τοῦ
1346 919 1513 991 τεθνεῶτος
1530 921 1679 1008 ἁμαρτίας
1697 921 1752 984 ride
1773 920 1934 983 ἀπολύεται
1960 941 1997 1004 με

354 1020 503 1090 ἀκουσίως
521 1020 812 1090 ἀποκτεῖναιαύτύν,·
832 1024 874 1084 ibi
896 1041 982 1096 quum
1004 1030 1090 1098 pater
1111 1025 1155 1084 rei
1176 1024 1230 1084 filii
1251 1025 1358 1086 dixerit
1385 1042 1420 1084 eo
1448 1027 1528 1100 ipso,
1555 1025 1633 1098 quod
1657 1023 1810 1086 defunctus
1839 1039 1911 1098 puer
1939 1040 1998 1082 err(

354 1125 505 1187 commisso
526 1125 556 1184 in
577 1125 735 1199 perniciem
756 1125 902 1197 inciderit,
923 1141 1006 1184 snum
1027 1123 1117 1184 filium
1132 1126 1277 1186 insontem
1297 1141 1360 1185 esse
1381 1125 1585 1198 demonstrari,
1607 1130 1708 1185 nostro
1722 1126 1788 1186 loco
1801 1130 1887 1198 pater
1901 1121 1998 1182 delum

353 1224 402 1296 qui
423 1224 538 1297 quidem
559 1225 590 1282 in
612 1241 693 1283 suum
714 1222 805 1282 filium
829 1224 943 1297 culpam
964 1225 1075 1284 nullam
1096 1225 1201 1285 cadere
1222 1226 1366 1297 obtinuit,
1394 1224 1479 1298 lingit
1504 1224 1619 1297 culpam
1644 1223 1699 1284 filii
1726 1229 1756 1282 et
1783 1224 1839 1282 boc
1864 1221 1926 1280 iere
1955 1221 1999 1280 dic

352 1323 423 1382 licet
443 1324 475 1382 in
495 1340 590 1384 meum
610 1322 712 1396 libum,
733 1329 767 1382 ut
787 1321 971 1385 aduersarius
992 1326 1064 1398 volt,
1086 1325 1173 1384 cadat
1194 1326 1287 1399 culpa,
1310 1331 1408 1386 tamen
1429 1341 1466 1384 ne
1487 1323 1529 1382 sic
1550 1324 1666 1396 quidem
1688 1339 1754 1382 reus
1783 1323 1869 1395 culpa
1896 1326 1926 1378 et
1951 1336 2000 1378 cae

352 1427 447 1497 vacat,
469 1424 520 1484 sed
541 1424 584 1483 sic
597 1425 712 1497 culpam
722 1424 916 1496 inultumque
938 1424 1043 1484 cadere
1064 1425 1238 1485 censendum
1259 1430 1305 1483 est
1327 1455 1365 1470 -
1387 1424 1465 1496 quod
1485 1423 1583 1483 verbis
1612 1416 1697 1502 εἴπερ
1718 1419 1736 1480 d
1758 1420 1827 1485 παῖς
1845 1414 1896 1477 dud
1929 1416 1962 1477 rb
1984 1414 2000 1475 ύ

354 1519 406 1602 τὴν
428 1518 527 1602 φορὰν
549 1520 599 1581 τοῦ
621 1517 757 1581 ἀκοντίου
774 1516 914 1584 ὑπελθεῖν
929 1566 1008 1586 .....
1024 1518 1176 1586 ἀπέθανεν
1197 1524 1214 1583 ci
1238 1525 1306 1591 παῖς
1323 1527 1366 1584 ita
1387 1523 1569 1598 comprobat,
1590 1522 1623 1580 'ut
1644 1521 1740 1586 verbis
1762 1515 1798 1588 ἐξ
1816 1514 1926 1599 ἀμφοῖν
1941 1513 2001 1576 atr

263 1690 265 1694 ,
354 1618 448 1702 φόνου
470 1615 627 1699 γενομένου
649 1617 709 1684 κτλ.
730 1621 798 1680 inde
820 1623 983 1696 concludat,
1005 1639 1087 1684 reum
1117 1641 1213 1698 poena
1239 1623 1423 1684 afficiendum
1452 1640 1515 1683 esse
1544 1627 1577 1682 ut
1605 1623 1728 1682 alterum
1757 1619 1854 1678 caedis
1882 1622 2002 1678 auctore

353 1737 439 1792 quum
461 1722 537 1778 alter
558 1717 736 1796 (defunctus)
755 1738 851 1794 poena
871 1721 992 1782 affectus
1014 1724 1061 1785 sit.
1103 1725 1188 1784 Illum
1209 1731 1308 1785 autem
1329 1741 1443 1784 sensum
1464 1725 1494 1784 in
1515 1723 1612 1782 verbis
1640 1720 1748 1780 nostris
1769 1719 1900 1792 habebis
1929 1718 1953 1775 si
1983 1712 1999 1775 ύ

352 1823 419 1892 post
440 1813 511 1878 οὐδὲ
532 1819 690 1894 addideris,
713 1822 755 1879 sic
776 1821 922 1880 scribens:
946 1818 991 1886 ὡς
1008 1817 1044 1880 ἀὲ
1064 1818 1130 1881 οὐδ’
1153 1819 1227 1882 ὑπὸ
1249 1823 1303 1906 τῆς
1321 1819 1470 1905 ἁμαρτίας
1488 1817 1576 1881 τοῦδε
1589 1819 1639 1880 τοῦ
1651 1821 1699 1893 (il)
1714 1813 1862 1882 ἀκουσίως
1873 1813 2003 1876 ἀποκτεῖι

352 1961 360 1976 .
385 1961 391 1976 .
415 1963 421 1977 .
445 1965 451 1978 .
474 1913 641 1980 ἀπολύεται.
662 1951 703 1964 -—
724 1921 788 1980 Hoc
808 1938 922 1996 quoque
943 1923 1007 1982 loco
1029 1922 1070 1980 sio
1092 1923 1228 1982 restituto
1249 1923 1420 1997 pronomine
1443 1917 1531 1980 τοῦδε
1551 1927 1638 1994 pater
1658 1937 1740 1979 suum
1760 1918 1851 1980 filium
1873 1915 2004 1976 defunctu

352 2016 508 2090 significat.
1782 2047 1795 2054 -»

504 2116 552 2178 Or.
574 2119 626 2192 ΙΙΙ,
662 2114 690 2192 ἀ,
714 2122 742 2181 9.
784 2121 873 2194 Fugit
906 2120 1059 2194 Blossium,
1094 2122 1172 2193 quod
1193 2121 1343 2180 Scheibins
1366 2120 1457 2196 (Actt.
1479 2137 1537 2180 soc.
1560 2139 1603 2194 gr.
1618 2120 1682 2179 Vol.
1697 2119 1736 2193 Il,
1749 2136 1776 2191 p.
1791 2119 1843 2195 88)
1865 2117 2007 2200 conjecerss

352 2211 462 2280 brnen
484 2217 696 2291 secludendum,
719 2217 822 2278 sedin
855 2213 898 2278 ὢν
928 2220 1097 2280 mutandum
1126 2237 1204 2289 esse3
1231 2218 1268 2282 ci.
1291 2220 1340 2282 Or.
1368 2221 1418 2293 IV,
1444 2215 1478 2297 β,
1511 2224 1528 2280 7
1555 2211 1685 2300 καθαρῷ
1709 2214 1767 2298 μὲν
1788 2213 1846 2300 γὰρ
1868 2216 1921 2298 τῆς
1949 2201 2008 2298 circi

351 2309 446 2380 ύντι,

493 2416 527 2474 In
538 2416 644 2490 verbiS,
660 2432 734 2488 quae
756 2417 805 2479 Or.
814 2417 863 2491 IV,
887 2439 916 2492 c,
939 2423 957 2481 3
980 2421 1131 2494 leguntur:
1155 2416 1304 2479 caelebrat
1348 2417 1377 2502 ’μ
1400 2420 1458 2479 τῶν
1479 2413 1639 2501 ἀλιτηρίων
1660 2413 1844 2498 δυσμένειαν,
1867 2411 1902 2498 ἦν
1916 2411 1943 2472 oi
1958 2431 2008 2496 παρ

352 2514 385 2576 τύ
407 2507 519 2574 δίκαιον
540 2513 689 2597 κρίνοντες
708 2564 715 2579 .
737 2560 744 2575 .
769 2565 776 2580 .
798 2566 806 2580 .
828 2516 864 2578 ού
886 2519 1035 2602 προσῆκον
1052 2515 1169 2600 μίασμα
1196 2515 1240 2585 εἷς
1258 2514 1325 2585 τούς
1350 2514 1442 2584 ἷάίους
1465 2513 1564 2584 οἴκους
1591 2515 1771 2596 είσιίγονται,
1807 2516 1944 2578 Reiskius
1972 2529 2008 2587 pc

350 2610 386 2694 ἣν
407 2615 585 2678 desideravit
606 2614 754 2682 κινοῦντες
785 2619 832 2678 vel
855 2613 1088 2698 numidarum:
1132 2635 1226 2692 neque
1261 2619 1412 2692 quisquam
1441 2620 1561 2693 negabit
1587 2619 1708 2679 multam
1734 2618 1844 2676 habere
1872 2613 2008 2676 offensior]

350 2713 440 2774 verba
461 2710 495 2773 ού
518 2714 669 2797 προσῆκον
685 2711 801 2795 μίασμα
823 2722 971 2788 tamquam
991 2718 1205 2791 appositionem
1227 2717 1265 2777 ad
1285 2715 1321 2801 ἢν
1342 2715 1462 2791 referre,
1485 2735 1572 2790 quum
1593 2715 1612 2799 ἢ
1634 2711 1792 2797 δυσμένεια
1808 2715 1868 2774 τῶν
1881 2709 2008 2794 ἀλιτηρίι

350 2828 407 2871 non
429 2814 467 2870 sit
484 2809 609 2894 μίασμα.
650 2816 776 2876 Leniore
798 2822 904 2890 autem,
926 2832 1012 2888 quam
1032 2818 1168 2877 Reiskius
1189 2817 1290 2890 voluit,
1312 2818 1474 2879 mutatione
1495 2819 1590 2876 locum
1610 2818 1710 2877 sanari
1742 2831 1827 2890 posse
1848 2819 1941 2888 puto,
1957 2807 2007 2868 sii

349 2917 493 2974 mutamus
505 2914 535 2972 in
557 2909 600 2972 ἀν
621 2921 651 2974 et
669 2910 785 2994 μίασμα
806 2915 837 2974 in
854 2911 987 2997 μήνιμα;
1008 2933 1075 2976 nam
1092 2913 1206 3000 μήνιμα
1227 2917 1286 2975 τῶν
1307 2912 1465 2998 ἀλιτηρίων
1486 2917 1627 2976 habemus
1648 2922 1678 2975 et
1696 2913 1730 2994 β,
1753 2920 1771 2977 8
1798 2921 1828 2976 et
1850 2934 1876 2991 γ,
1898 2918 1926 2986 7,
1950 2917 2007 2982 κιαι

349 3011 427 3070 idem
448 3012 479 3068 in
501 3012 565 3074 loco
587 3009 614 3087 d,
640 3019 677 3075 10
699 3014 902 3074 constituendo
923 3015 1106 3089 Brieglebius
1129 3017 1249 3090 optimo,
1270 3022 1302 3076 ut
1324 3017 1394 3076 mihi
1416 3016 1543 3093 videtur,
1563 3018 1630 3088 jure
1652 3018 1807 3078 restituere
1828 3014 1928 3076 voluit.

505 3112 555 3184 Or,
577 3113 627 3186 IV,
646 3110 679 3191 β,
691 3081 740 3201 ys
774 3118 833 3177 Pro
856 3115 874 3175 ύ
895 3111 1058 3176 ἀποθανὼν
1076 3113 1161 3197 αύτῷ
1181 3112 1273 3183 αἴτιος
1291 3167 1298 3182 ,
1320 3161 1329 3177 .
1352 3167 1358 3180 .
1381 3167 1389 3181 .
1411 3113 1530 3194 ἐγένετο
1550 3123 1602 3177 aut
1623 3114 1640 3175 ύ
1661 3111 1712 3177 ἀπ.
1747 3111 1864 3179 adro<
1886 3108 1975 3176 αἴτιος
1995 3107 2006 3168 ὲ

349 3216 401 3268 ῦῦῐ
421 3213 519 3286 P0iil¹s
541 3211 558 3270 θ
579 3209 631 3273 (2⁷1-
654 3211 745 3282 αὐτὸς
763 3214 848 3298 αύτῷ
870 3211 961 3283 αἴτιος
980 3213 1022 3296 ἐγ.
1054 3215 1239 3279 scribendum
1265 3219 1395 3289 videtum
1431 3219 1603 3292 pronomine
1633 3217 1710 3276 enim
1737 3213 2006 3274 demonstrativos

349 3310 500 3383 quisquam
521 3329 622 3371 carere
643 3315 715 3373 velit
736 3323 822 3390 atque
845 3317 982 3378 facillime
1004 3314 1097 3386 αύτὺς
1113 3319 1173 3376 sive
1202 3317 1335 3376 excidere
1357 3323 1426 3375 ante
1448 3313 1533 3398 αύτῷ
1568 3319 1630 3376 sive
1666 3316 1749 3375 abire
1781 3315 1812 3373 in
1843 3309 1927 3392 αύτῷ
1953 3316 2005 3385 pot

348 3408 404 3468 isse
425 3412 550 3483 cujusvis
571 3418 616 3486 est
636 3413 811 3491 intelligere.
854 3415 942 3496 (Goll.
963 3417 1001 3492 Il,
1020 3414 1053 3496 β,
1076 3422 1105 3479 2.
1127 3416 1265 3492 praefero
1287 3413 1378 3481 αὐτὸς
1396 3411 1502 3496 αύτῷ).

501 3510 549 3570 Or.
578 3512 629 3586 IV,
658 3507 691 3590 β,
722 3518 750 3577 3.
792 3515 904 3576 Vereor
938 3534 974 3576 ne
1008 3518 1113 3576 ultima
1148 3518 1261 3590 syllaba
1294 3517 1374 3576 nocis
1410 3511 1533 3579 είκύτως
1571 3514 1752 3588 absorpserit
1794 3512 1949 3572 articulum
1987 3529 2005 3568 τ

348 3613 416 3669 ante
439 3603 521 3674 θεοῦ.
1149 3649 1150 3652 ,

488 3710 549 3772 .0r.
570 3712 620 3785 IV,
639 3707 672 3788 β,
696 3717 723 3773 7.
765 3713 860 3788 volgo
882 3716 923 3774 sic
944 3715 1068 3790 legitur:
1092 3710 1222 3798 καθαρῷ
1239 3709 1297 3795 μέν
1313 3735 1365 3794 μοι
1387 3713 1442 3794 τῆς
1459 3709 1554 3779 αἰτίας
1579 3707 1639 3773 ἀντι
1667 3710 1760 3795 φύνον
1786 3708 2004 3790 ἐπιβουλεύοντι

349 3806 586 3890 ἀποστεροῦντες
603 3807 640 3872 (λε’
657 3831 698 3892 με
719 3811 770 3871 τοῦ
789 3807 859 3891 βίου
881 3810 914 3872 dv
936 3813 953 3872 ύ
975 3809 1049 3880 θεὸς
1068 3809 1228 3897 παρέδωκέ
1244 3833 1306 3894 μοι,
1330 3812 1397 3895 περὶ
1419 3811 1470 3872 τάν
1490 3807 1563 3872 θεὸν
1584 3808 1753 3891 ἀσεβοῦσιν
1774 3807 1888 3878 ἀδίκως
1918 3808 1953 3872 ἀὲ
1982 3805 2004 3869 θ

351 3925 436 3968 νατον
454 3906 700 3987 ἐπιβουλεύοντες
712 3910 750 3972 τιί
769 3931 801 3972 τε
824 3908 929 3991 νύμιμα
950 3909 1104 3997 συιχέουσι
1126 3909 1269 3994 φονεῖςτέ
1278 3933 1338 3992 μου
1361 3908 1513 3990 γίγνονται·
1525 3908 1655 3978 ἀνοσίως
1670 3908 1706 3972 ἀὲ
1724 3907 1893 3972 ἀποκτεῖναι
1909 3908 1985 3992 ὑμᾶς
1993 3934 2003 3991 ι

351 4000 505 4075 πείθοντες
516 4009 564 4072 καὶ
586 4011 640 4094 τῆς
658 4008 806 4092 ὑμετέρας
824 4009 984 4090 εάσεβείας
1010 4010 1093 4073 αὐτοὶ
1120 4014 1221 4094 φονεῖς
1244 4009 1307 4075 εἰσι
1357 4013 1441 4085 Quod
1468 4013 1511 4072 ibi
1538 4029 1593 4087 pro
1622 4006 1865 4090 ἐπιβουλεύοντες
1887 4014 2002 4086 Kayser

348 4109 501 4180 proposuit
522 4105 853 4178 ἐπικαλοῦντεςιπετίιο
873 4114 1004 4172 Blassius
1026 4114 1145 4188 recepit,
1168 4114 1301 4188 idemque
1321 4114 1422 4188 paullo
1443 4110 1521 4172 inira
1541 4113 1631 4174 verba
1652 4107 1765 4178 ἀδίκως
1773 4108 1809 4171 ἀὲ
1823 4113 1924 4172 abesse
1935 4113 2003 4170 malr

349 4211 435 4278 atque
457 4208 488 4266 in
509 4207 566 4268 fine
587 4211 672 4285 hujus
694 4214 798 4287 capitis
819 4205 903 4271 αἴτιοι
933 4206 1018 4279 ὄντες
1035 4221 1103 4274 ante
1126 4209 1209 4273 αὐτοὶ
1239 4214 1372 4287 inseruit,
1404 4228 1475 4272 voce
1497 4207 1668 4289 εὐσεβείας
1691 4217 1804 4272 πιαίνει
1825 4213 1856 4270 in
1876 4207 2002 4289 despicit

348 4305 406 4366 Sed
427 4322 463 4366 ne
484 4307 526 4367 sio
547 4310 661 4381 quidem
682 4315 780 4372 omnia
800 4320 880 4372 recte
901 4331 932 4373 se
954 4315 1063 4374 habere
1094 4313 1239 4376 videntur.
1281 4313 1411 4372 Primum
1440 4313 1515 4372 enim
1543 4311 1680 4386 offendit,
1713 4312 1790 4385 qnod
1823 4312 1869 4370 bis
1901 4312 2002 4372 dicum

347 4406 509 4466 adversarii
530 4409 632 4488 φονεῖς
650 4405 722 4470 εἷναι
744 4407 930 4490 (γίγνεσθαι),
942 4431 1035 4487 neque
1056 4413 1150 4487 video,
1172 4430 1230 4487 qua
1250 4413 1280 4472 vi
1301 4413 1356 4472 hoo
1377 4411 1578 4485 opprobrium,
1601 4417 1755 4484 postquam
1782 4416 1862 4471 recte
1891 4411 2001 4484 objecto

347 4510 392 4564 est
412 4511 480 4579 post
500 4507 591 4567 verba
612 4504 725 4575 ἀδίκως
735 4505 859 4572 θάνατοι
881 4507 1131 4590 ἐπιβουλεύοντες,
1152 4514 1259 4572 iterum
1279 4512 1367 4584 objici
1389 4511 1483 4587 possit
1496 4511 1546 4583 eis,
1570 4511 1620 4583 qui
1643 4510 1780 4570 dicuntur
1802 4504 1949 4570 πείθειν
1971 4532 2001 4570 το

348 4599 523 4674 δικάζοντας
540 4601 725 4681 ἀποκτεῖναι;
747 4611 834 4673 immo
856 4618 886 4671 et
907 4629 1006 4674 vocem
1028 4613 1136 4694 φονεῖς,
1158 4627 1232 4685 quae
1254 4617 1323 4672 ante
1345 4605 1402 4669 εἰσί
1419 4611 1537 4684 legitur,
1560 4615 1593 4668 ut
1608 4625 1710 4668 errore
1724 4610 1848 4684 librarii,
1864 4613 1946 4685 cujus
1960 4627 2001 4671 oct

347 4705 385 4764 ad
405 4705 534 4779 priorem
556 4708 730 4767 sententiam
751 4710 962 4786 aberraverint,
985 4717 1080 4773 ortam
1102 4713 1254 4772 delendam
1285 4716 1315 4770 et
1342 4705 1425 4770 αὐτοὶ
1451 4710 1485 4768 in
1510 4702 1594 4767 αἴτιοι
1622 4710 1791 4769 mutandum
1818 4716 1848 4770 et
1873 4711 1999 4785 particnl

347 4801 405 4874 καὶ,
428 4812 556 4878 quaeest
568 4811 636 4866 ante
648 4803 859 4891 τῆςύρετέρας,
871 4811 927 4870 mm
939 4813 1110 4872 intendendi
1125 4809 1310 4873 tribuendam
1326 4825 1388 4869 asse
1403 4825 1517 4873 censeo.
1558 4808 1681 4868 Accedit
1702 4809 1789 4884 quod,
1812 4827 1898 4882 quom
1910 4811 2001 4882 script
