4118 5522
917 236 961 306 ιο

89 433 214 506 baverit,
236 449 295 492 uon
317 430 472 504 dubitabit,
485 431 554 504 quin
575 432 666 491 verba
688 425 766 510 οἶμαι
788 426 823 489 δὲ
845 429 893 490 καὶ
916 429 998 511 ὑμῶν
1019 431 1267 518 ἀποψηφίσασθαι
1282 454 1316 497 eo
1331 439 1416 498 modo
1431 440 1529 498 sanari
1541 440 1675 514 debeant,
1691 458 1776 514 quem

31 523 33 616 ξ
90 539 157 591 ante
179 533 232 592 hos
253 531 487 604 quattuordecim
509 547 599 590 annos
621 531 664 606 (in
685 531 784 592 libello
807 548 885 591 meo:
907 533 962 592 Die
983 536 1085 596 Reden
1106 535 1156 593 des
1187 537 1347 610 Antiphon,
1373 539 1422 610 qui
1452 539 1529 612 typis
1558 555 1710 613 expressus
1731 547 1776 600 est

89 633 214 692 vaerae
237 631 327 707 1860)
348 631 488 705 proposui
509 625 588 710 οἶμαι
609 625 645 689 δὲ
666 628 715 688 καὶ
736 625 858 696 δικαίως
874 625 912 690 ἄν
929 651 989 712 μοο
1010 627 1260 716 ἀποψηφίσασθαι
1282 631 1364 714 ὑμᾶς.
1406 636 1447 696 Ut
1468 639 1546 696 enim
1567 643 1680 699 taceam
1701 641 1774 700 haec

28 774 30 778 ,
90 730 191 788 eadem
210 731 302 790 verba
322 730 380 804 legi
402 729 491 788 etiam
512 730 562 802 Vl,
584 733 623 790 33
646 726 784 812 (ἡγοῦμαι
801 727 859 810 μὲν
880 725 932 791 οὖν
953 777 961 792 .
984 775 995 794 ..
1014 781 1021 796 .
1043 777 1052 794 .
1074 729 1197 800 δικαίως
1214 729 1251 792 άν
1268 754 1327 814 μον
1338 731 1589 819 ἀποψηφίσασθαι
1603 735 1699 818 ὑμᾶς),
1715 743 1770 804 boc

27 841 29 882 ι
90 845 203 902 quoque
225 838 358 904 apparet,
375 827 461 888 facile
482 827 549 892 fieri
569 831 707 903 potuisse,
729 834 762 888 ut
782 837 850 904 post
871 827 907 890 δὲ
928 829 976 891 καὶ
997 835 1110 906 priores
1132 834 1260 922 syllabae
1282 835 1361 894 vocis
1387 831 1511 902 δικαίως
1535 839 1714 914 exciderent,
1744 849 1774 901 ct

88 934 149 986 tum
171 929 291 987 cuilibet
312 930 496 1004 corruptelae
517 931 594 988 viam
616 929 699 1008 quasi
720 935 851 1004 apertam
872 929 971 995 fuisse.

25 1083 26 1110 ,
240 1029 290 1092 Or.
311 1030 346 1102 V,
369 1034 418 1092 86.
461 1029 640 1102 Quamquam
656 1029 742 1088 initio
757 1031 900 1092 orationis
915 1031 962 1109 (ἐξ
978 1037 997 1092 8
1012 1032 1089 1108 sqq.)
1103 1049 1170 1092 reus
1186 1039 1305 1106 questus
1318 1039 1370 1108 est,
1390 1035 1468 1108 quod
1479 1029 1647 1120 ἀπαγωγῆς
1661 1044 1777 1102 actione

88 1133 191 1187 contra
212 1145 243 1187 se
264 1130 308 1187 nsi
329 1129 388 1186 siut
410 1133 602 1202 accusatores,
632 1145 708 1187 nunc
728 1130 783 1187 boc
803 1130 876 1204 ipsu,
899 1132 976 1204 quod
997 1148 1028 1191 se
1048 1133 1183 1195 absoluto
1204 1135 1299 1192 altera
1326 1134 1477 1207 inquisitio
1504 1141 1535 1196 et
1562 1139 1640 1198 actio
1669 1141 1709 1200 sit
1729 1159 1773 1202 se·

87 1233 200 1302 cutura,
220 1228 332 1299 judices
346 1229 510 1302 permoveri
524 1227 632 1286 debere
646 1233 744 1286 censet
759 1228 797 1286 ad
811 1245 842 1288 se
863 1231 1085 1291 absolvendum:
1109 1246 1165 1302 quo
1187 1229 1229 1304 tit,
1251 1238 1284 1290 ut
1305 1250 1380 1292 nunc
1401 1233 1534 1294 universe
1555 1237 1773 1310 inquisitionem

21 1352 23 1356 »
89 1325 270 1385 commendet
291 1330 320 1384 ct
340 1326 440 1384 laudet
460 1327 624 1399 repetitam.
668 1325 760 1398 Quum
781 1332 878 1387 autem
898 1329 1031 1390 universe
1052 1329 1197 1402 loquatur,
1226 1330 1356 1405 ineptum
1383 1333 1437 1406 sit,
1466 1335 1491 1392 si
1519 1335 1650 1410 legitime
1684 1335 1773 1414 (κατὰ

91 1419 158 1490 τοὺς
177 1421 292 1502 νόμους)
314 1425 425 1497 aliquid
445 1424 510 1483 fieri
530 1426 672 1499 postulet3
694 1426 783 1485 verba
804 1427 895 1500 igitur
917 1423 992 1486 κατὰ
1016 1423 1085 1492 τοὺς
1103 1424 1210 1507 νόμους
1227 1431 1271 1487 ita
1297 1435 1364 1488 snut
1390 1433 1531 1507 urgenda,
1562 1439 1597 1492 ut
1625 1435 1772 1496 hocsefli·

18 1549 20 1608 η
87 1526 197 1586 ciatur:
219 1525 322 1583 vellem
343 1530 420 1584 esset
441 1525 554 1599 legibus
575 1525 773 1598 constitutum,
795 1530 828 1583 ut
848 1531 916 1586 cett.
959 1529 1026 1586 Jam
1046 1543 1124 1600 vero,
1157 1541 1244 1600 quum
1265 1545 1301 1586 ne
1323 1530 1378 1588 boc
1399 1530 1514 1602 quidem
1543 1534 1696 1606 quicquam
1716 1536 1771 1596 sit:

85 1624 188 1682 vellem
211 1623 323 1696 legibus
345 1625 504 1683 constituta
525 1628 601 1682 esset
622 1619 699 1706 δίκη,
721 1625 792 1682 mihi
813 1624 890 1700 (coll.
912 1625 961 1698 VI,
984 1628 1002 1685 3
1026 1618 1086 1683 ἔστι
1103 1621 1161 1704 μὲν
1189 1621 1246 1706 γὰρ
1276 1625 1343 1708 περὶ
1371 1627 1422 1686 τοῦ
1452 1625 1583 1690 τοωύτοο
1608 1627 1663 1711 μία
1693 1629 1771 1716 δίκη)

88 1723 272 1781 inserendum
293 1723 409 1781 videtur
430 1729 481 1781 aut
499 1719 556 1801 μὲν
574 1718 646 1803 μίαν
666 1728 734 1797 post
755 1715 828 1784 εἴναι
850 1729 901 1782 aut
919 1719 993 1803 μίαν
1011 1719 1068 1802 μὲν
1090 1729 1158 1782 ante
1179 1717 1261 1799 εἴναι,
1284 1731 1317 1783 ut
1339 1727 1394 1786 hoc
1408 1727 1479 1787 insit
1501 1731 1531 1788 in
1546 1731 1643 1790 verbis
1672 1728 1772 1814 ἠξίουν

14 1826 17 1910 l
85 1817 142 1901 μὲν
164 1815 222 1902 γὰρ
244 1813 340 1898 ἔγωγε
363 1819 429 1903 πεμλ
451 1823 511 1881 τῶν
533 1817 681 1891 τοιούτων,
703 1817 730 1881 ὦ
752 1817 870 1904 ἄνδρες,
889 1818 960 1902 μίαν
978 1818 1035 1901 μὲν
1056 1816 1129 1880 εἶναι
1151 1818 1204 1902 τὴν
1225 1818 1308 1904 δίκην
1323 1819 1398 1882 κατὰ
1415 1820 1484 1890 τοὺς
1495 1823 1614 1906 νάμουςι
1638 1831 1771 1890 vellem

14 1911 16 1956 ἶ
87 1921 446 1995 equidemjudices,
468 1921 513 1980 d'e
534 1922 679 1981 talibus
701 1922 811 1980 rebus
833 1926 945 1980 essct
967 1921 1012 1998 [ut
1043 1939 1075 1980 re
1102 1939 1172 1980 vera
1200 1922 1257 1998 est]
1288 1922 1391 1983 actio
1420 1923 1478 2000 [vel
1509 1928 1633 1989 aetionis
1664 1928 1771 2008 forma]

12 1957 15 2086 λ
87 2019 235 2092 quidem
257 2036 329 2077 una
351 2019 429 2095 [uon.
452 2027 484 2078 ut
505 2038 580 2080 nunc
601 2019 768 2102 ἀπαγωγῆς
784 2023 862 2082 actio
884 2025 1002 2094 etpost
1023 2037 1088 2079 eam
1109 2017 1211 2102 γραφὴ
1235 2019 1340 2101 μόνον]
1369 2022 1516 2098 legibus
1546 2030 1771 2092 constituta.

12 2086 14 2146 f
85 2153 126 2163 -
146 2119 212 2178 Jam
234 2119 387 2178 dilucidius
408 2121 495 2180 etiam
518 2121 681 2195 apparebit,
703 2138 760 2194 quo
781 2122 886 2180 merito
907 2121 1051 2195 Sauppius
1073 2121 1103 2179 in
1125 2122 1176 2194 cis,
1199 2139 1274 2194 quae
1288 2124 1502 2195 subsequuntur
1523 2122 1613 2202 (κατὰ
1623 2123 1724 2206 μέντοι
1739 2129 1772 2188 τὸ

10 2147 13 2304 λ
86 2215 198 2279 δίκαιον
217 2217 261 2285 ὡς
281 2216 447 2285 πλειστάκις
464 2213 662 2304 ἐλέηχεσάαι),
684 2226 751 2294 post
768 2215 869 2300 μέντοι
890 2222 979 2280 inseri
997 2221 1118 2294 jusserit
1146 2216 1284 2287 τούτοος;
1317 2224 1415 2297 pergit
1446 2225 1540 2284 enim:
1577 2227 1684 2285 vellem·
1701 2244 1770 2286 vcro

8 2309 12 2452 s
85 2320 186 2378 itidem
209 2319 315 2378 eisdem
338 2320 450 2394 legibus
472 2321 660 2378 coustitutum
682 2324 758 2378 esset
780 2317 813 2377 τὸ
834 2316 879 2384 ὡς
898 2315 1062 2386 πλειστάκις
1080 2314 1255 2404 ἐλέηχεσθαι
1280 2317 1453 2382 τὸδίκαιον.
1505 2325 1580 2384 Nam
1611 2326 1680 2400 quid
1701 2327 1729 2388 h.
1750 2329 1769 2388 l.

8 2453 9 2470 t
85 2422 124 2478 sit
147 2418 179 2478 rb
203 2415 330 2489 δίκαιον,
353 2422 415 2493 ipse
437 2425 539 2478 orator
559 2417 638 2478 infra
658 2418 687 2496 (ξ
711 2407 762 2495 8‘7)
783 2419 883 2492 prodit
903 2420 1000 2479 verbis
1023 2419 1073 2479 τοῦ
1095 2415 1207 2479 δικαίου
1230 2419 1278 2480 καὶ
1300 2421 1350 2480 τοῦ
1372 2416 1519 2506 ἀληθοῦς·
1546 2431 1590 2484 est
1624 2426 1715 2501 igitur
1737 2425 1770 2485 τὸ

6 2471 9 2628 J
86 2516 196 2579 δίκαιον
216 2521 256 2595 id,
278 2520 364 2594 quod,
386 2522 455 2593 quia
475 2521 610 2594 congruit
631 2537 694 2579 cum
715 2520 759 2578 rei
780 2526 880 2594 gestae
900 2519 1034 2592 veritate,
1052 2520 1140 2578 etiam
1162 2537 1225 2578 cnm
1239 2521 1354 2592 justitia
1369 2524 1512 2596 congruit.
1556 2525 1657 2597 Neque
1673 2531 1769 2584 autem

5 2629 7 2752 η
85 2639 156 2696 opus
178 2621 293 2679 videtur
314 2638 378 2680 cum
398 2621 531 2694 Kayscro
552 2621 590 2678 ad
612 2613 787 2702 ἐλεηχεσιλαι
808 2618 915 2678 addere
936 2620 1124 2693 participium
1145 2614 1356 2700 ἐξεταζόμενον
1384 2623 1431 2682 vel
1458 2624 1564 2695 simile;
1595 2625 1666 2682 satls
1693 2625 1769 2683 enlm

83 2722 173 2781 habet
194 2727 295 2780 orator
317 2721 423 2779 dixisse
444 2721 509 2793 hoc,
531 2726 686 2793 antequam
705 2721 816 2792 jndices
835 2720 882 2791 jus
903 2719 1010 2790 dicant,
1046 2723 1148 2791 terque
1180 2725 1340 2792 quaterque
1371 2721 1527 2794 probatum
1559 2739 1621 2780 esse
1653 2723 1770 2796 debere,

5 2809 6 2812 ¹
85 2823 153 2896 quid
172 2825 281 2895 justum
302 2823 350 2883 sit.
373 2851 414 2864 --
434 2821 500 2880 Jern
521 2821 710 2894 progrediens
732 2825 833 2878 orator
855 2821 1045 2890 demonstrat,
1072 2835 1137 2877 cur
1158 2819 1230 2878 velit
1258 2815 1333 2878 κατὰ
1363 2815 1432 2884 τοὺς
1458 2816 1565 2900 νόμους
1594 2819 1626 2880 τὸ
1655 2816 1770 2880 δίκαιον

85 2921 134 2989 ὡς
154 2919 375 2986 πλειστάκις
393 2914 568 3003 ἐλέγχεσθαι
579 2937 591 2986 ,·
618 2920 695 2992 quod
723 2918 795 2978 facit
822 2919 918 2980 verbis
948 2914 1081 2998 τοσούτῳ
1118 2914 1176 3000 γὰρ
1211 2913 1249 2977 ἂν
1278 2913 1395 2998 άμεινον
1422 2916 1624 2998 ἐγιγνώσκετο·
1655 2919 1682 2979 οἱ
1711 2918 1769 3005 γάρ

85 3018 185 3081 πολλοὶ
204 3017 321 3098 α’γῶνες
339 3019 374 3103 τῇ
392 3017 449 3099 μὲν
470 3013 598 3100 ἀληθείᾳ
620 3015 767 3102 σύμμαχοί
785 3014 849 3090 εἶσι,
873 3019 906 3114 τη]
928 3015 964 3077 δὲ
986 3014 1112 3100 διαβολῇ
1135 3015 1355 3098 πολεμιώτατοι,
1370 3021 1475 3092 quibus
1487 3022 1637 3080 contendit
1651 3023 1769 3080 multa

83 3122 244 3182 certamina
264 3122 390 3180 secunda
411 3137 474 3180 esse
494 3121 622 3193 veritati,
645 3119 722 3192 quod
743 3135 806 3178 cum
826 3118 1015 3193 praegressis,
1037 3122 1070 3177 ot
1091 3133 1143 3176 nos
1164 3119 1258 3178 locum
1285 3120 1495 3192 constituimus,
1524 3124 1585 3179 tam
1605 3121 1680 3180 bene
1701 3138 1769 3180 con-

83 3222 171 3295 gruit,
194 3227 226 3279 ut
246 3222 337 3280 nihilo
359 3221 451 3294 magis
473 3237 545 3293 opus
566 3222 604 3278 sit
625 3219 751 3293 Kayseri
771 3219 975 3279 emendatione
999 3213 1098 3277 πολλοὶ
1117 3219 1227 3276 mutari
1245 3218 1373 3290 iubentis
1404 3219 1435 3276 in
1458 3215 1640 3301 πολυχρόνιοι
1668 3221 1768 3296 (atque

84 3327 119 3378 ut
134 3320 255 3393 judices,
278 3321 327 3393 qui
349 3335 425 3378 nunc
447 3320 557 3391 sedent,
580 3320 667 3378 etiam
690 3324 777 3391 atque
797 3319 885 3377 etiam
911 3335 1027 3377 causam
1055 3335 1136 3376 suam
1166 3317 1378 3392 deliberarent,
1412 3324 1567 3391 antequam
1593 3319 1769 3393 judicarent,

83 3421 138 3479 hoc
157 3421 244 3494 potiit
263 3422 323 3493 jam
338 3420 354 3496 ξ
371 3424 408 3480 71
425 3419 522 3478 νειοῖο
540 3416 583 3498 μη
605 3412 657 3477 οὖν
679 3413 804 3500 ὕστερον
827 3413 908 3493 κτλ).
931 3449 971 3461 -
1019 3423 1089 3491 tque
1112 3419 1198 3476 istam
1219 3419 1314 3492 legum
1336 3419 1573 3478 constitutionem
1597 3419 1688 3492 cupiit
1702 3437 1768 3479 reus

83 3535 146 3578 esse
170 3517 236 3601 aspi
258 3519 317 3578 τῶν
339 3515 477 3578 τοιούτων
498 3519 517 3582 i.
540 3535 563 3578 e.
585 3519 615 3576 in
637 3518 724 3578 rebus
745 3517 935 3591 capitalibus:
959 3518 1210 3578 demonstraturus
1231 3517 1330 3592 igitur,
1358 3535 1416 3590 qua
1437 3518 1473 3576 de
1494 3534 1582 3578 causa
1610 3521 1669 3578 tole
1698 3519 1769 3592 quid

81 3621 112 3678 in
133 3620 204 3694 ipsis
225 3620 312 3679 rebus
334 3619 508 3693 capitalibus
529 3624 640 3693 poscat,
662 3624 741 3678 recte
763 3617 779 3694 ἕ
801 3622 839 3678 87
862 3617 960 3691 pergit
980 3613 1072 3696 φάνοο
1095 3612 1167 3698 γὰρ
1182 3611 1258 3698 δίκη,
1274 3633 1365 3690 neque
1381 3617 1541 3676 audiendus
1557 3622 1601 3676 est
1615 3617 1760 3677 Linderus

83 3720 132 3792 qui
153 3715 268 3796 οἱμὲν
290 3715 347 3800 γάρ
370 3714 470 3778 πολλοὶ
491 3714 634 3794 ἀγῶνες.
657 3763 664 3777 .
687 3761 695 3777 .
717 3761 725 3776 .
748 3714 841 3798 φάναι)
863 3712 907 3776 δὲ
929 3711 995 3798 δίκη
1016 3717 1075 3791 legi
1093 3717 1189 3790 jussit.

231 3819 280 3878 Or.
303 3819 337 3892 V,
361 3819 407 3880 91.
450 3819 554 3892 Miror,
571 3818 648 3891 quod
669 3818 798 3876 Blassius
820 3834 877 3876 uon
899 3817 1114 3889 obtemperavit
1135 3816 1266 3876 Frankio
1295 3809 1417 3875 ἔλαττόν
1446 3811 1524 3875 ἐστιν
1552 3820 1617 3891 (pro
1646 3810 1768 3876 ἔλαττον

82 3915 171 3998 ἔστιν)
188 3913 209 3979 'e
231 3920 379 3979 veteribus
401 3919 578 3979 editionibus
599 3919 716 3976 restitui
734 3917 857 3990 jubenti.
900 3917 960 3976 Our
981 3917 1057 3974 enim
1079 3933 1122 3990 eo,
1156 3917 1234 3990 quod
1255 3931 1302 3976 res
1317 3921 1362 3974 est
1375 3917 1558 3990 reparabilis,
1573 3919 1666 3976 minus
1681 3916 1767 3977 facile

82 4028 206 4094 erretur,
228 4020 360 4093 equidem
380 4035 440 4077 non
460 4019 564 4078 video:
587 4018 637 4076 sed
658 4019 777 4076 minus
798 4015 947 4076 referre
967 4017 998 4074 in
1019 4033 1052 4076 re
1073 4017 1233 4092 reparabili
1254 4017 1349 4076 errari
1381 4017 1505 4089 cujusvis
1527 4022 1572 4076 est
1585 4017 1766 4093 intelligeret

81 4140 179 4202 μετα
191 4115 277 4198 ηνούς
296 4115 354 4199 κὰμ
375 4111 431 4177 ἔτι
453 4111 490 4176 άν
512 4111 617 4199 dipticis
631 4113 836 4194 βουλεύσαιτο.

232 4219 315 4290 Quod
337 4219 434 4292 paullo
456 4217 534 4277 inira
555 4218 695 4278 suadente
715 4217 873 4277 Weidnero
894 4216 1024 4277 Blassius
1035 4223 1103 4291 post
1121 4210 1206 4276 οὕτω
1220 4217 1344 4276 inseruit
1356 4217 1543 4292 participium
1558 4212 1762 4288 ἀπσλελοκύσι,

80 4324 142 4396 ipse
164 4336 279 4395 quoque
300 4319 484 4378 intercidisse
502 4321 563 4391 jam
585 4319 692 4377 dudum
713 4319 873 4392 suspicatus
894 4335 984 4392 eram,
1005 4319 1049 4376 ita
1069 4323 1166 4376 tamen
1188 4323 1221 4376 ut
1243 4318 1401 4376 etiamnum
1431 4318 1572 4377 insertum
1593 4318 1679 4376 velim
1699 4320 1766 4389 post

81 4413 294 4502 ἐξαπατηάεῖσι
311 4413 522 4500 μετεμέλησεν.
564 4419 639 4478 Nam
661 4423 691 4477 et
712 4434 746 4478 eo
767 4420 834 4478 loco
854 4418 970 4479 facilius
991 4435 1010 4477 a
1030 4418 1152 4478 librario
1174 4419 1283 4493 negligi
1304 4423 1423 4492 poterat
1450 4423 1572 4494 propter
1600 4415 1765 4476 similitudi-

80 4541 145 4583 nem
168 4523 332 4594 verborum,
355 4536 430 4593 quae
450 4520 550 4593 paullo
572 4535 660 4593 supra
683 4524 759 4592 sunt,
779 4514 980 4600 μετεμέλησεν
1006 4512 1228 4582 α’πολωλεκάσιι
1256 4532 1349 4591 neque
1366 4518 1408 4576 sic
1429 4533 1500 4593 opus
1528 4517 1585 4574 erit
1613 4512 1677 4594 ὑμῖν
1706 4509 1766 4578 τοῖς

79 4627 194 4682 mutare
214 4622 245 4679 in
267 4615 332 4699 ὑμῖν
352 4616 427 4690 οὐδ’,
449 4619 527 4692 qula,
550 4619 575 4676 si
595 4619 752 4692 participio
774 4613 968 4676 άπολελυκόστ
998 4618 1159 4691 explicatur
1179 4617 1300 4676 verbum
1318 4611 1531 4700 μετεμέλησεν,
1562 4615 1686 4675 articulo
1709 4611 1769 4678 τοῖς

77 4728 267 4797 opponuntur
287 4717 315 4780 οἱ
336 4713 578 4802 ἐξαπατηθέντες
596 4720 647 4793 eis,
658 4719 709 4791 qui
729 4716 808 4777 infra
828 4719 1013 4791 appellantur
1034 4713 1061 4774 οἱ
1082 4711 1297 4783 ἐξαπατῶντες.

232 4821 281 4881 Or.
303 4822 339 4896 V,
362 4825 410 4883 93.
432 4863 434 4868 ,
453 4821 486 4880 ln
517 4820 615 4879 verbis
639 4815 736 4898 μηδὲν
764 4815 848 4899 αὑτῷ
877 4813 1021 4877 σονειδάτι
1049 4813 1165 4877 ἀνόσιον
1191 4812 1377 4898 εἰργασμένῳ
1400 4813 1486 4899 μήτ’
1515 4813 1558 4881 εἷς
1584 4811 1653 4880 τοὺς
1677 4808 1769 4880 θεοὺς
