4118 5522
7 2445 10 2546 Ι

7 2546 9 2606 η
84 2520 149 2602 (την
171 2519 327 2600 εὐσέβειαν
342 2519 462 2595 τούτων)
484 2524 561 2582 idem
583 2539 644 2582 esse
665 2525 741 2597 volo,
764 2523 840 2597 quod
861 2519 955 2604 ημῶν,
996 2526 1051 2584 uisi
1083 2524 1160 2587 forte
1192 2526 1222 2584 id
1255 2527 1349 2600 ipsum
1384 2541 1438 2598 pro
1472 2519 1583 2582 τούτων
1617 2525 1774 2582 restituere

914 240 936 310 4

83 445 219 522 eosdem,
232 459 303 517 quos
325 443 368 501 rei
391 448 499 516 gestae,
522 440 615 514 qualis
637 445 738 517 nostra
759 445 813 511 cst,
835 455 897 498 esse
925 439 995 498 dicit
1021 439 1081 493 tres
1110 437 1193 508 quasi
1222 437 1329 509 gradus
1358 435 1508 512 (errorem,
1537 435 1649 496 facinus
1680 438 1773 499 invito

83 549 203 604 auctore
225 543 415 614 commissum,
438 539 557 616 casum),
579 539 624 598 bis
645 535 834 600 habesinfra
856 537 884 614 (ἕ
907 537 938 615 8)
959 537 1010 596 ubi
1031 537 1167 611 leguntur
1188 542 1218 596 et
1240 535 1290 594 τοῦ
1313 535 1417 618 καιροῦ
1439 533 1655 618 διαμαρτὼν
1678 583 1684 596 .
1707 587 1715 601 .
1737 583 1773 602 ..

84 638 282 706 ἀκουσίως
301 636 336 700 ἀὲ
357 683 514 702 ......
537 636 758 717 συμφοραῖς
784 631 923 718 κέχρηται
944 642 975 696 et
997 633 1050 717 τῆς
1069 631 1104 694 δὲ
1126 630 1324 716 ἁμαρτίας
1352 631 1396 701 εἷς
1415 631 1666 717 τοῦτονηκούαης
1686 634 1718 695 τό
1740 655 1772 696 τε

85 733 201 821 ἔργον
223 783 231 799 .
253 787 261 800 .
284 782 291 798 .
315 784 322 798 .
346 737 396 798 τοῦ
418 733 635 818 ἐξαμαρτόντος
656 729 726 805 ἐστί,
750 731 783 793 τιί
810 753 842 794 τε
864 727 986 800 πάθος
1003 731 1063 796 κτλ.
1085 783 1093 796 .
1117 777 1124 793 .
1147 735 1279 810 Apparet
1307 735 1414 808 igitur,
1445 735 1565 809 opinor,
1596 735 1718 796 eundem
1738 737 1773 798 li·

85 839 225 912 brarium,
247 844 401 912 postquam
422 834 512 895 verba
527 827 545 914 ἣ
563 831 726 918 πάσχοντες
737 834 834 894 nescio
850 834 993 906 quomodo
1011 835 1041 891 in
1055 839 1165 892 textum
1180 834 1362 908 irrepserint,
1378 839 1408 893 et
1420 852 1452 893 τε
1466 835 1496 891 in
1508 829 1543 894 ἀὲ
1552 840 1583 892 et
1591 829 1727 894 dirodoino
1741 837 1772 894 in

86 935 219 998 ἑκούσιον
230 938 386 1000 mutavisse
396 942 483 1008 atque
491 950 553 994 esse
562 934 759 994 scribendum:
769 927 843 992 οίτε
852 929 895 990 ἀκ
904 928 1002 990 ούσιιίν
1012 925 1325 1014 τίθρῶντεςοάτοιτῶν
1333 925 1518 1013 παθημάτων
1527 927 1610 992 αίτιοι
1621 930 1773 1012 γίηνονται.

236 1037 285 1096 Or.
307 1036 358 1110 III,
377 1031 411 1112 β,
436 1039 482 1096 11.
524 1035 570 1093 Ad
598 1034 689 1094 verba
725 1028 746 1088 d
771 1051 802 1090 τε
831 1027 889 1112 γάρ
914 1025 1077 1090 ἀποθανὼν
1106 1029 1274 1112 συμφοραῖς
1308 1029 1476 1113 περιπεσὼν
1504 1029 1558 1092 οὐκ
1588 1029 1777 1115 ἀτιμώρητος

85 1131 171 1206 ἐστιν,
194 1153 279 1209 quum
301 1137 449 1208 Kayserus
470 1139 537 1208 post
558 1126 721 1192 ἀποθανὼν
740 1133 832 1191 uerba
863 1129 898 1214 τῇ
927 1127 1018 1190 αὑτοῦ
1048 1126 1179 1213 ἁμαρτίᾳ
1207 1131 1277 1190 addi
1303 1132 1456 1207 noluisset,
1483 1133 1613 1192 Blassius
1628 1135 1702 1194 haec
1722 1134 1774 1193 ad·

84 1235 214 1294 notavit:
237 1235 282 1308 „si
304 1233 461 1307 quidquam
482 1232 659 1304 mutandum,
682 1227 826 1312 ἁμαρτὼν
847 1231 944 1305 potins
966 1232 1020 1305 pro
1042 1225 1206 1290 ἀποθανὼν
1234 1233 1430 1305 scripserim.“
1472 1235 1506 1292 ln
1535 1233 1611 1294 idem
1640 1249 1694 1308 ego
1713 1235 1774 1308 jam

85 1340 172 1394 antea
193 1333 360 1406 incideram,
382 1333 425 1390 ita
446 1338 551 1404 tamen,
573 1337 606 1389 ut
625 1331 700 1389 hanc
721 1331 912 1389 mutationem
937 1347 991 1404 pro
1012 1331 1136 1390 maxime
1164 1331 1330 1390 necessaria
1348 1331 1480 1395 habeam.
1527 1327 1672 1414 Τιμωρίας
1697 1333 1774 1392 enim

84 1432 163 1489 locus
186 1448 243 1491 non
265 1436 318 1512 est,
340 1432 396 1490 nisi
417 1431 467 1490 ubi
495 1430 564 1504 quid
591 1431 651 1490 sive
681 1430 747 1489 dolo
777 1431 837 1489 sive
858 1432 943 1504 culpa
964 1435 1118 1504 peccatum
1140 1437 1198 1490 est:
1215 1432 1378 1505 respioiquc
1399 1432 1444 1494 his
1465 1433 1562 1492 verbis
1584 1437 1708 1508 apparet
1729 1447 1773 1512 ea,

85 1547 158 1602 quae
180 1531 196 1607 ξ
219 1533 237 1590 8
259 1515 325 1590 reus
348 1536 530 1604 exposuerat,
553 1530 731 1604 eandemque
752 1528 814 1589 fere
836 1530 1010 1588 sententiam
1033 1525 1060 1602 d,
1084 1533 1102 1592 8
1124 1530 1201 1589 idem
1223 1531 1350 1604 explicat
1364 1531 1533 1593 hisverbis:
1556 1526 1773 1610 κεκολασμένον

85 1625 121 1687 ἀὲ
144 1628 195 1687 τοῦ
217 1626 531 1700 ἀποκτείναντος,
568 1626 621 1689 οὐκ
641 1625 826 1712 ἀτιμώρητος
847 1626 864 1686 ὁ
885 1626 978 1708 φόνος
995 1621 1073 1685 ἐστίν
1080 1643 1093 1693 ;
1113 1644 1164 1687 reo
1186 1628 1262 1686 euim
1284 1627 1301 1685 d
1322 1622 1496 1696 ἀποκτείνας
1521 1629 1598 1688 idem
1621 1637 1665 1690 est
1685 1637 1774 1703 atque

85 1727 102 1786 ὁ
124 1724 276 1816 ἁμαρτών.
298 1763 338 1774 -
359 1732 392 1789 ln
416 1731 458 1790 eis
480 1739 555 1802 quae·
575 1729 673 1802 paullo
695 1727 773 1788 infra
794 1730 932 1803 leguntur
955 1723 1075 1786 radron
1097 1728 1263 1801 scripserim
1285 1744 1339 1801 pro
1362 1723 1500 1790 τούτων.

237 1827 285 1890 Or.
306 1830 358 1902 III,
378 1825 419 1906 ssa-
437 1832 483 1888 12.
525 1827 612 1886 Hand
634 1827 694 1886 seio
723 1843 761 1884 an
793 1844 951 1900 pronomen
980 1843 1184 1902 praegressum
1214 1822 1341 1902 τούτων,
1371 1829 1448 1901 quod
1474 1829 1505 1887 in
1536 1825 1640 1888 radron
1666 1828 1774 1888 mutari

81 1928 225 2001 jusserim,
257 1943 345 1987 causa
365 1927 455 1988 fuerit
485 1929 604 1988 alterius
633 1925 739 1988 mendi.
788 1926 862 1986 Nam
890 1927 996 1986 merito
1025 1927 1169 2000 Sauppins
1199 1926 1352 1986 offendisse
1382 1927 1498 1986 videtur
1532 1928 1562 1986 in
1590 1928 1688 1987 verbis
1724 1925 1776 2008 τὴν

85 2021 240 2104 εὐσέβειαν
255 2022 367 2085 τούτων
388 2026 448 2084 τῶν
471 2020 686 2109 speltarum
707 2032 794 2097 atque
816 2042 991 2099 quamquam
1013 2027 1043 2085 id
1059 2028 1112 2096 2vix
1134 2033 1212 2087 r'ecte
1230 2029 1399 2102 disputavit,
1423 2021 1580 2104 εὐσέβειαν
1601 2034 1716 2087 tantum
1737 2027 1776 2088 ad

80 2128 202 2201 jndices,
224 2143 282 2186 non
302 2126 340 2185 ad
361 2144 442 2186 reum
463 2129 620 2200 pertinere,
643 2126 794 2202 (habemus
826 2126 902 2184 enirn
932 2129 967 2200 A,
996 2123 1025 2199 d,
1051 2133 1085 2186 11
1111 2123 1163 2207 τὴν
1187 2126 1245 2186 τῶν
1267 2121 1360 2208 αηθὲν
1389 2120 1570 2198 ἀδικούντων
1594 2121 1774 2203 εὐσέβειαν),

83 2231 181 2284 tamen
203 2226 239 2284 de
261 2226 347 2284 rebus
369 2225 406 2283 ab
429 2241 480 2284 reo
502 2226 591 2298 gestis
613 2219 770 2303 εὐσέβειαν
784 2226 920 2299 usurpari
942 2242 1000 2285 non
1021 2241 1106 2299 posse
1136 2227 1246 2300 optimo
1270 2227 1336 2299 jure
1366 2225 1525 2288 contendit.
1573 2226 1675 2298 Neque
1704 2242 1774 2285 vero

83 2325 265 2384 intercidisse
288 2326 429 2397 quaedam
451 2342 514 2384 cum
536 2326 591 2392 hoo
612 2344 638 2389 v.
661 2325 689 2386 d.
711 2341 788 2399 reor,
811 2326 860 2384 sed
881 2325 1034 2398 irrepsisse
1063 2327 1153 2387 verba
1181 2326 1240 2384 τῶν
1268 2318 1480 2408 πραχθέντων,
1513 2327 1620 2400 quippe
1643 2341 1717 2399 quae
1739 2342 1774 2384 ex

83 2426 257 2498 glossemate
278 2426 316 2484 ad
338 2419 392 2490 τάς
411 2420 558 2482 τούτων
587 2419 735 2505 ἁμαρτίας
766 2424 914 2498 adscripto
937 2430 1004 2484 orta
1023 2427 1187 2488 uideantur.
1231 2425 1341 2498 Quibus
1362 2427 1476 2487 omissis
1490 2441 1651 2500 pronomen
1663 2421 1774 2484 τούτων

6 2607 8 2698 Ι
82 2622 166 2688 velis;
189 2621 345 2695 respondet
369 2623 445 2680 enim
467 2623 504 2680 ad
525 2628 655 2682 nostrum
677 2625 771 2684 locum
791 2623 976 2683 adversarius
999 2643 1025 2702 η,
1051 2630 1086 2686 12
1109 2627 1149 2688 in.
1170 2627 1216 2684 his
1237 2626 1351 2684 verbis:
1383 2623 1436 2705 τῆς
1466 2619 1665 2706 ὑμετέρας
1690 2619 1772 2683 εὐσε-

5 2699 7 2736 Ι

5 2745 6 2758 Ι

5 2759 6 2772 Ι

4 2773 6 2882 Ι

79 2716 170 2797 βείας
188 2716 285 2792 ἕνεκα,
308 2721 411 2794 quihus
432 2723 567 2781 hortetur
584 2723 705 2798 judices,
728 2729 760 2782 ut
781 2741 861 2783 suam
883 2725 1011 2797 ipsorum
1032 2723 1143 2799 (potius
1165 2742 1251 2797 quam
1273 2724 1330 2801 rei)
1352 2717 1510 2800 εὐσέβειαν
1529 2729 1678 2782 tueantur.

235 2819 284 2881 Or.
307 2819 358 2892 Ill,
381 2839 407 2898 η,
430 2824 458 2882 3.
500 2822 564 2880 Vox
585 2823 703 2906 σνχνῶς
720 2822 844 2882 forsitan
866 2840 901 2882 ex
923 2823 1125 2898 dittographia
1155 2825 1311 2884 verborum
1333 2819 1387 2906 οὐχ
1407 2817 1499 2886 ιἰσίως
1518 2828 1584 2880 orta
1606 2823 1660 2890 sit;
1693 2822 1774 2880 illam

83 2920 158 2978 enim
181 2935 280 2979 vocem
302 2919 358 2976 nisi
379 2920 410 2977 in
432 2921 535 2993 glossis
556 2938 614 2980 non
636 2929 751 2982 exstare
773 2927 897 2996 constat,
920 2923 1043 2996 ideoque
1062 2925 1122 2996 jam
1143 2922 1282 2984 Reisliins
1303 2924 1333 2981 in
1355 2939 1390 2981 ea
1412 2920 1540 2980 offendit.

233 3017 377 3091 Deinceps
398 3019 429 3076 in
450 3020 546 3078 verbis
565 3013 695 3101 μηέρηα
710 3017 828 3104 φανερὰ
851 3019 907 3080 ὑπὸ
931 3024 1063 3105 πονηρᾶς
1082 3018 1178 3099 λόγων
1200 3019 1357 3104 ἀκριβείας
1378 3013 1559 3088 σεισθέντος,
1590 3015 1689 3099 denda}
1720 3016 1773 3100 την

84 3112 228 3200 ἀληθειαν
250 3118 309 3176 τῶν
333 3113 527 3201 πραχθέντων
546 3114 719 3204 ἡγήσασθαι
740 3124 882 3184 lacurnam
904 3139 965 3182 esse
988 3123 1060 3182 satis
1081 3124 1182 3195 liquet.
1225 3122 1367 3193 Equidem
1389 3121 1504 3194 virgula
1518 3124 1585 3192 post
1601 3112 1776 3182 πεισθέντας
1872 3173 1876 3182 ,

47 3221 50 3229 “
84 3217 180 3276 deleta
202 3224 269 3290 post
290 3215 409 3300 φανερά
430 3220 519 3278 inseri
539 3221 674 3292 jusserim
698 3218 879 3281 dromedart
900 3220 958 3290 καὶ,
980 3224 1087 3281 collato
1109 3223 1173 3280 loco
1195 3221 1340 3286 Herodoti
1362 3223 1389 3292 6,
1416 3221 1489 3279 129;
1511 3211 1692 3297 Κλεισθένης
1704 3211 1773 3274 ὅλον

85 3315 118 3374 τὸ
141 3315 260 3398 πρῆγμα
282 3312 479 3383 aramenus,-
499 3319 600 3392 primis
623 3321 699 3382 enim
720 3323 799 3381 vocis
822 3318 1003 3380 ὑποπτεῦσαι
1024 3322 1119 3380 literis
1141 3317 1245 3397 (ὑποπ)
1274 3320 1390 3394 scriptis
1423 3318 1538 3377 librarii
1568 3317 1648 3375 oculi
1674 3317 1705 3374 in
1727 3333 1774 3374 ar-

84 3417 227 3490 chetypon
258 3418 368 3476 reversi
398 3416 534 3476 facillime
556 3419 594 3477 ad
615 3419 727 3501 ονηράς
738 3421 877 3480 aberrare
892 3424 1021 3494 potuisse
1042 3423 1187 3495 videntur,
1210 3428 1278 3480 ante
1307 3436 1381 3494 quae
1413 3418 1532 3478 eaedem
1560 3418 1666 3475 literae
1697 3410 1777 3474 ὑποπ

84 3518 229 3590 leguntur.
272 3515 371 3576 Possis
393 3518 482 3576 etiam
503 3519 633 3577 inserere
656 3515 899 3613 ὑποπτεύσιηιτας
917 3519 975 3592 καί,
999 3521 1096 3580 deleta
1116 3525 1182 3594 post
1205 3513 1381 3583 πεισθέντας
1398 3518 1521 3591 virgula.

239 3616 289 3676 Or,
311 3616 363 3688 III,
387 3635 411 3692 γ,
436 3621 463 3678 9.
505 3618 540 3675 lu
561 3618 658 3676 verbis
688 3613 749 3695 ἐγὼ
771 3613 807 3677 δὲ
829 3614 916 3679 roone
934 3617 1048 3702 μᾶλλον
1069 3615 1280 3700 ἀναμάρτητος
1298 3615 1341 3677 ὢν
1363 3614 1445 3677 θεινά
1475 3611 1609 3695 πείσομαι
1637 3615 1773 3674 Reiskius

86 3714 239 3788 dubitavit,
260 3715 430 3786 pronomine
455 3713 542 3774 τοῦάε
563 3720 659 3774 utrum
681 3717 827 3776 homicida
847 3735 914 3778 reus
936 3736 974 3778 an
996 3716 1149 3776 defunctus
1171 3716 1400 3792 significaretur:
1423 3732 1508 3788 quam
1530 3715 1643 3774 Reiskii
1658 3714 1775 3774 dubita·

85 3815 192 3874 tionem
215 3819 248 3871 ut
269 3815 396 3887 tolleret,
417 3815 564 3888 Kayserus
587 3815 652 3874 coll.
672 3811 705 3892 β,
721 3820 758 3876 10
781 3811 933 3896 (criticae
956 3815 1014 3900 γὰρ
1035 3815 1139 3876 ἀνόσια
1167 3813 1296 3877 πείσεται
1314 3859 1324 3879 ..
1347 3865 1356 3880 .
1378 3863 1384 3877 .
1407 3864 1414 3878 .
1437 3811 1498 3893 ἐγώ
1511 3834 1543 3874 τε
1551 3811 1666 3894 μᾶλλον
1687 3810 1772 3891 κτλ),

85 3914 122 3973 ad
135 3930 228 3997 ¹quem
248 3913 343 3972 locum
364 3918 464 3972 noster
484 3914 652 3988 respondet,
674 3917 824 3976 contendit
845 3925 960 3990 patrem
982 3917 1111 3978 defuncti
1132 3916 1185 3976 filii
1206 3933 1237 3976 se
1264 3932 1435 3990 comparare
1470 3932 1535 3974 cum
1565 3920 1650 3988 patre
1681 3915 1775 3974 homi-

85 4015 176 4087 cidae,
199 4015 242 4072 ita
263 4020 295 4072 ut
318 4008 405 4072 τοῦδε
426 4013 597 4086 pronomine
618 4014 666 4072 hic
687 4014 749 4087 ipse
771 4020 856 4087 pater
884 4016 1046 4076 homicidae
1074 4016 1257 4090 appelletur„
1295 4013 1377 4086 Quod
1408 4030 1466 4073 non
1493 4019 1572 4074 recte
1599 4013 1774 4088 disputavit:

86 4128 163 4186 nam,
183 4117 216 4169 ut
234 4107 267 4188 β,
292 4115 329 4171 10
351 4117 436 4186 pater
457 4114 501 4170 rei
523 4127 552 4170 se
575 4117 726 4186 comparat
747 4129 811 4172 oum
832 4111 893 4171 filio
916 4130 976 4188 suo,
1000 4115 1041 4173 sic
1062 4115 1090 4178 h.
1112 4116 1131 4176 l.
1152 4119 1238 4187 pater
1260 4112 1390 4174 defuncti
1411 4131 1443 4174 se
1464 4118 1615 4188 comparat
1636 4129 1702 4172 cum
1722 4127 1774 4170 suo
1843 4165 1844 4168 ,

84 4208 145 4294 filio
168 4209 271 4285 (Filius
294 4212 370 4269 anim
391 4225 479 4281 meus,
502 4211 550 4281 qui
573 4212 689 4284 quidem
709 4214 739 4270 in
760 4213 903 4274 neminem
925 4213 1077 4286 quicquam
1099 4213 1219 4287 erravit,
1242 4213 1345 4288 dignus
1373 4218 1427 4286 est,
1459 4213 1541 4285 cujus
1568 4212 1686 4272 caedem
1711 4226 1772 4274 vost

82 4308 203 4383 jndices,
225 4309 415 4378 ulciscamini;
437 4313 523 4382 atque
552 4326 623 4386 ego,
660 4313 710 4385 qui
743 4311 800 4370 hoc
833 4309 893 4372 filio
921 4327 985 4374 mco
1016 4312 1104 4371 etiam
1138 4312 1232 4370 minus
1267 4311 1381 4384 erravi,
1417 4311 1521 4388 dignus
1563 4329 1643 4387 sum,
1685 4311 1774 4384 quia

85 4408 168 4468 vobis
190 4410 330 4468 ultionem
345 4409 461 4468 sceleris
482 4408 628 4481 adipiscar
650 4425 724 4482 eam,
756 4427 842 4482 quam
863 4411 943 4484 leges
978 4409 1142 4487 praebent).
1191 4411 1247 4469 Est
1275 4411 1366 4488 igitur
1396 4407 1484 4470 τοῦδε
1511 4411 1589 4470 idem
1616 4412 1694 4485 qnod
1723 4408 1774 4469 τοῦ

88 4505 194 4573 παιδός
207 4527 267 4587 μον
288 4513 317 4566 et
339 4506 484 4582 significat
504 4523 624 4581 puerum
647 4507 821 4568 defunctum.
863 4511 960 4583 Atque
982 4525 1156 4582 quamquam
1176 4511 1207 4568 in
1228 4510 1282 4569 hau
1304 4510 1463 4584 tetralogia
1493 4524 1595 4570 vocum
1622 4505 1775 4590 μειράκιον

87 4615 117 4668 ct
140 4607 208 4672 παῖς
225 4624 292 4666 usus
313 4611 449 4665 constans
470 4614 514 4666 est
535 4609 568 4681 is,
591 4614 624 4666 ut
645 4609 699 4666 hac
721 4607 882 4683 defunctus,
904 4611 956 4668 illa
977 4627 1044 4670 reus
1066 4610 1238 4684 appelletur,
1261 4610 1463 4683 pronominum
1484 4602 1570 4674 οὗτος
1590 4615 1619 4668 et
1636 4605 1690 4668 ἀθε
1707 4625 1775 4667 usus

87 4711 269 4782 nequaquam
283 4706 413 4764 diversus
436 4712 487 4770 est.
509 4739 550 4750 -
570 4708 634 4766 Hoc
655 4709 900 4780 praemonendum
920 4709 1020 4782 putavi
1043 4709 1081 4767 ad
1101 4707 1281 4782 probandam
1303 4709 1457 4784 rationem,
1488 4725 1547 4782 qua
1560 4741 1563 4745 ·
1576 4725 1611 4768 ea
1641 4707 1776 4768 emenda-

86 4809 170 4864 turus
192 4821 254 4864 sum
275 4803 374 4880 uerba,
397 4821 470 4878 quae
492 4807 623 4879 proxime
645 4808 790 4882 leguntur.
