4118 5522
1177 281 1196 346 7

348 475 398 534 τοῦ
421 472 523 558 ἰατροῦ
546 469 727 534 ἀπέθανεν.
750 523 757 537 .
781 481 790 533 .’
811 523 818 537 .
851 472 943 554 ιἰμὲν
965 472 1067 558 ἰατρὸς
1085 473 1120 535 οὐ
1141 474 1252 556 coneric
1270 473 1360 535 ούτοῦ
1376 471 1453 536 ἐστιν
1477 525 1483 539 .
1506 525 1513 539 .
1537 522 1543 536 .
1567 519 1585 546 .,
1609 471 1657 536 aad
1680 473 1715 536 ιιὲ
1739 472 1792 542 τὰς
1805 473 1907 536 τούτου
1919 473 1996 591 πληι

350 571 617 658 ἐπιτρεψάντων
604 575 688 656 ημῶν
702 571 795 656 αύτῷ,
820 575 885 639 πῶς
903 569 940 634 ἀν
962 569 1052 641 ἀλλος
1072 595 1113 641 τις
1131 571 1188 656 ἢ
1172 599 1189 634 ο
1208 573 1393 656 βιασάμενος
1415 575 1494 658 ἡμᾶς
1506 571 1642 660 χρῆσθαι
1669 573 1753 657 αύτῷ
1774 573 1884 657 φονεύς
1902 570 1947 659 εἴη
1977 571 1996 634 ἀ

304 695 305 699 ’
346 673 456 746 Quibus
478 673 575 732 verbis
596 674 718 746 opponit
738 674 812 732 Nost
800 679 860 734 tzer
883 675 907 732 si
929 692 1029 734 verum
1051 681 1104 748 est,
1126 677 1203 748 quod
1225 677 1408 737 adversarius
1431 677 1589 750 contendit,
1568 683 1684 751 teum,
1697 679 1852 750 quisenem
1866 675 1955 752 feriit,
1971 677 1996 735 si

344 779 433 848 propt
435 791 467 832 er
487 773 602 847 plagar
626 771 742 850 (ipsam)
764 775 824 833 sive
844 781 1003 849 propterea
1024 776 1101 848 quod
1121 792 1172 834 vos
1195 778 1307 836 medico
1328 778 1445 838 commit
1446 777 1588 850 ticocgit,
1600 793 1692 850 magis
1703 792 1789 848 quam
1801 794 1874 851 enm,
1895 778 1945 849 qui
1967 775 1998 836 ιιι

344 871 494 930 interemit
506 871 666 948 (medicus),
681 872 854 932 homicidam
865 874 1029 933 habendum
1041 892 1104 934 esse
1106 875 1228 951 ,(etiam
1239 872 1500 956 magis)homicida
1518 875 1690 948 J'udieandus
1712 877 1802 950 estis,
1818 875 1999 949 quiverheru}

343 972 458 1030 initium
479 968 556 1031 fecit.
598 971 665 1028 Jam
686 972 921 1046 tibipersuasnm
943 973 1006 1033 fore
1026 981 1107 1048 puto,
1129 992 1181 1034 cur
1203 979 1320 1048 etpost
1344 971 1456 1056 πληγὴ-ν
1477 991 1535 1036 non
1557 975 1648 1034 solum
1671 969 1750 1034 εἴτε
1771 975 1924 1034 sedetiam
1940 970 2000 1038 ada

333 1069 526 1128 intercidisse
548 1069 722 1128 crediderim
742 1076 772 1128 et
793 1078 860 1143 post
882 1069 993 1152 φονεύς
1014 1069 1091 1131 ἐστιν
1112 1073 1202 1132 verba
1224 1065 1265 1131 ἔτι
1286 1069 1400 1151 μᾶλλον
1421 1076 1510 1133 inseri
1538 1075 1683 1147 J’nsserim.
1731 1074 1827 1132 Locus
1854 1074 1897 1131 sic
1925 1081 2000 1154 const

343 1173 445 1226 tuatur
466 1166 565 1226 velim:
589 1159 620 1225 εἴ
637 1186 668 1226 τε
691 1164 748 1251 ιάρ
770 1167 787 1226 ιι
810 1167 942 1238 πατάξας
962 1167 1011 1231 aaa
1035 1170 1086 1254 τιν
1109 1167 1221 1253 πληγὴν
1249 1169 1366 1254 (αύτιν)
1395 1166 1426 1231 εἴ
1449 1191 1481 1232 τε
1507 1168 1691 1250 βιασόμενος
1715 1171 1792 1253 ύμᾶς
1816 1165 2001 1256 ἐπιτρεφθῆνι

345 1261 440 1348 ἰατρῷ
458 1262 573 1345 μᾶλλον
594 1264 644 1323 τού
666 1259 893 1336 ἀποκτείναντος
910 1266 1021 1352 φονεύς
1039 1265 1125 1345 ἐστιν,
1148 1262 1202 1341 (ἔτι
1209 1268 1336 1350 μᾶλλον)
1359 1269 1376 1330 d
1398 1265 1497 1354 ἀρξας
1514 1271 1567 1353 τῆς
1585 1269 1698 1353 πληγῆς
1717 1267 1827 1352 φονεὺς
1846 1267 1980 1349 Tipasam.

495 1365 545 1426 Or.
567 1366 617 1437 IV,
640 1361 667 1440 d,
693 1370 738 1426 10.
783 1367 856 1428 Sunt
877 1371 982 1442 quihus
1003 1389 1060 1432 vox
1081 1365 1257 1436 ἀποκτείνας
1274 1380 1415 1448 corrupta
1435 1391 1498 1451 esse
1521 1374 1667 1443 videatnr;
1689 1374 1761 1431 mihi
1781 1390 1839 1432 non
1860 1375 1939 1431 item.
1975 1369 2002 1429 Ε

342 1464 418 1522 enim
438 1462 456 1521 a
477 1459 653 1530 ἀποκτείνας
670 1467 808 1541 medicus,
829 1474 858 1527 et
880 1470 934 1530 hoc
956 1471 1083 1545 dicitis,
1106 1472 1155 1544 qui
1177 1473 1221 1530 rei
1242 1488 1357 1531 causam
1380 1475 1456 1548 agit:
1490 1475 1604 1533 etiamsi
1630 1490 1697 1532 reus
1726 1467 1856 1549 (ταύταν)
1886 1467 2004 1542 supplic}

341 1561 462 1621 affectus
484 1566 549 1637 erit,
572 1565 757 1623 nihilominus
778 1567 891 1641 medici,
915 1571 964 1641 qui
985 1585 1109 1628 revera
1130 1575 1174 1628 est
1196 1571 1351 1647 homicida,
1385 1575 1527 1648 supplicio
1555 1575 1657 1633 caedes
1685 1576 1857 1647 perpetrata
1884 1569 2005 1642 expiand

340 1662 521 1734 relinquetur
544 1664 594 1735 eia,
606 1664 656 1734 qui
677 1681 757 1723 reum
780 1665 983 1726 damnaverint
1005 1663 1205 1746 (τοϊςοάτίοις),
1227 1677 1317 1743 atque
1338 1674 1433 1733 altera
1454 1673 1557 1732 caedes
1579 1688 1629 1731 reo
1645 1673 1753 1744 injuste
1768 1670 1908 1744 supplicio
1923 1667 2006 1727 effect

341 1760 445 1818 iisdem
467 1762 611 1833 expianda
633 1763 789 1823 tribuetur.
2005 1819 2006 1840 2

492 1859 541 1920 Or.
563 1861 597 1934 V,
620 1865 647 1922 3.
690 1864 775 1928 Hunc
795 1866 889 1924 locum
912 1883 998 1938 quum
1019 1873 1169 1927 tentarent
1189 1869 1245 1926 viri
1278 1869 1372 1942 docti,
1409 1887 1458 1930 eos
1493 1870 1569 1946 fugit
1602 1887 1718 1929 necesse
1748 1887 1806 1930 non
1834 1885 1896 1928 esse
1929 1869 2007 1956 datiu

341 1951 442 2023 αὐτοῖς
461 1954 573 2024 τούτοις
590 1961 648 2020 vim
669 1964 813 2022 causalem
835 1946 936 2037 tribui,
959 1965 1009 2024 sed
1030 1966 1124 2024 inesse
1146 1985 1230 2041 posse
1251 1973 1309 2032 vini
1332 1972 1549 2044 communionis,
1575 1973 1617 2030 ita
1637 1977 1670 2030 ut
1690 1972 1745 2029 hoc
1767 1971 1846 2028 dicat
1867 1985 1943 2042 reus,
1966 1985 2008 2044 sae

339 2058 458 2131 pissime
479 2060 608 2118 homines
630 2059 705 2120 falso
726 2067 884 2137 accusatos
901 2082 986 2137 quum
1001 2067 1154 2125 veritatem
1169 2069 1347 2141 persuadere
1365 2069 1511 2142 J'udicibus
1533 2088 1591 2130 non
1618 2073 1795 2145 potuissent,
1825 2068 1977 2128 damnatos
1998 2073 2009 2160 ι

340 2174 495 2216 unacum
524 2159 572 2218 iis
601 2163 742 2220 veritat
752 2179 803 2220 em
832 2165 954 2238 ipsam
982 2182 1124 2238 quoque
1155 2171 1238 2240 quasi
1267 2172 1409 2243 sepultam
1439 2187 1509 2232 esse.
1559 2169 1641 2241 Quod
1670 2171 1695 2228 si
1722 2169 1899 2241 tenebimus,
1935 2157 2010 2242 ιιιιι

338 2251 373 2315 οὐ
395 2253 551 2336 δονάμενοι
582 2255 726 2341 depictam,
756 2264 862 2336 quippe
892 2280 967 2335 quae
996 2266 1059 2326 sola
1088 2266 1236 2326 declarent
1267 2270 1514 2330 condemnationis
1543 2283 1676 2342 causam,
1705 2268 1802 2328 omitti
1778 2267 1910 2327 tnallo
1938 2263 2011 2327 mod·

337 2357 501 2430 cupiemus;
523 2359 628 2430 quibus
649 2362 773 2420 servatis
794 2364 938 2423 orationis
967 2366 1030 2438 ipsa
1058 2366 1239 2426 concinnitas
1266 2369 1444 2442 postntlabit,
1476 2374 1508 2427 ut
1536 2372 1691 2428 teneantur
1718 2368 1807 2426 etiam
1835 2366 1925 2425 verha
1954 2341 2012 2450 ιιιόι

337 2451 523 2534 tardonem:
544 2459 667 2532 denique
689 2459 726 2517 ad
746 2477 907 2535 pronomen
930 2458 994 2521 τού
984 2482 1026 2544 -ιρ
1048 2470 1114 2522 οιιι
1116 2482 1150 2525 οι
1171 2466 1303 2526 consulto
1325 2483 1383 2525 non
1405 2468 1551 2528 addidisse
1572 2463 1656 2548 αὐτιρ
1684 2466 1841 2526 censendus
1868 2466 1935 2538 erit,
1957 2479 2013 2538 qm

335 2556 420 2630 hujus
442 2556 604 2616 dativit
556 2563 604 2616 ιιι
605 2559 633 2616 ιο
654 2560 741 2633 louge
763 2562 886 2620 aliat
842 2567 886 2620 est
907 2567 994 2635 atque
1016 2563 1076 2622 dat
1055 2565 1108 2622 trvi
1129 2559 1231 2630 αύτοῒς
1251 2561 1367 2630 τούτοις.
1410 2567 1492 2626 Nihil
1513 2569 1605 2642 igitur
1625 2571 1686 2626 mut
1674 2565 1802 2626 t.andum

488 2654 538 2717 Or.
560 2657 594 2729 V,
620 2660 666 2720 16
707 2659 773 2717 Non
795 2662 887 2720 solnm
910 2661 969 2725 τοῖς
989 2657 1054 2719 τύτε
1074 2663 1105 2720 in
1128 2660 1226 2723 τοῖσδε
1249 2666 1305 2731 τοῖς
1324 2667 1493 2726 mutandum
1515 2673 1569 2741 est,
1591 2667 1669 2741 quod
1689 2666 1823 2724 mendum
1844 2663 1976 2722 indet
1928 2679 1962 2722 or
1963 2663 2014 2722 tun

336 2754 415 2813 videt
403 2753 460 2829 tur,
483 2757 561 2828 quod
581 2757 720 2817 librarius
742 2760 858 2831 quidam
881 2760 955 2820 falso
977 2763 1135 2835 scripserat
1158 2763 1217 2830 τοῖς
1236 2761 1343 2838 τοῖσδε,
1371 2767 1532 2826 sedetiam
1559 2784 1613 2840 pro
1642 2761 1813 2848 ἀπιοτισιον
1841 2737 2015 2856 ειιιιιιιιιιιιιι

336 2853 415 2912 videt
403 2859 451 2912 tur
486 2851 626 2916 ἀπιστῶν.
663 2858 740 2930 quod
774 2859 980 2933 participium
1003 2863 1111 2934 optime
1147 2867 1305 2938 opponitur
1339 2867 1495 2940 participio
1530 2864 1596 2943 (ὡς)
1634 2861 1786 2938 πιστεύων,
1813 2863 1890 2935 quod
1924 2861 2015 2942 paullq

336 2969 425 3026 supra
450 2961 503 3016 est.

489 3053 538 3114 Or
561 3056 594 3128 V,
620 3061 666 3119 18.
709 3053 848 3119 Verba
828 3055 877 3116 οιὰ
900 3057 952 3141 τιν
974 3059 1023 3119 τοῦ
1052 3059 1192 3140 σώματος
1217 3058 1421 3122 κακοπάθειαν
1448 3065 1514 3137 ejici
1543 3071 1622 3124 recte
1647 3064 1734 3138 jnssit
1721 3063 1927 3122 tDohreeus:
1956 3078 2015 3119 nan

336 3149 463 3224 intelligi
484 3168 541 3210 non
562 3160 669 3229 potest,
703 3174 754 3215 cur
776 3165 898 3233 propter
926 3163 1031 3220 malam
1061 3162 1192 3234 corporis
1219 3164 1414 3222 valetudinem
1443 3165 1486 3222 rei
1515 3165 1672 3223 amicorum
1697 3164 1830 3221 voluntas
1859 3178 1931 3235 erga
1958 3178 2015 3218 eun

335 3250 584 3362 minuatumerga
605 3261 787 3318 accusatores
809 3267 961 3334 augeatur.
1002 3263 1141 3321 Attamen
1170 3261 1245 3320 hanc
1269 3261 1441 3320 emendandi
1468 3262 1525 3322 loci
1556 3262 1702 3324 rationem
1732 3262 1839 3321 nemini
1867 3261 2015 3334 persuasit

335 3350 404 3420 quia
425 3351 548 3411 alteram
569 3355 626 3413 loci
648 3353 804 3415 difficultat
792 3363 849 3418 tem
870 3361 1008 3434 neglexit,
1031 3376 1103 3433 eam,
1137 3362 1215 3434 quod
1236 3363 1330 3422 altero
1359 3363 1568 3424 enuntiationis
1596 3364 1727 3423 membro
1755 3356 1950 3439 (κακοπαθεῖν
1980 3360 2015 3441 egi

337 3445 452 3528 σώματι
475 3447 544 3517 τούς
563 3470 594 3511 τε
626 3448 730 3534 φίλους
763 3452 932 3538 προθύμοτέ
929 3478 1006 3542 ρους
1029 3452 1105 3542 ἔχειν
1137 3455 1206 3525 τοὺς
1231 3455 1359 3539 ἐμαυτοῦ
1390 3458 1502 3527 τούτοις
1526 3458 1562 3522 τὰ
1590 3457 1689 3543 dread&
1711 3461 1875 3545 μαρτυρεῖν
1906 3455 1972 3542 ἢ
1959 3478 2015 3538 εμο

335 3542 451 3628 τάληθῆ
472 3545 579 3628 λέγειν)
600 3569 647 3611 ιιι
668 3570 788 3627 prorsus
809 3555 993 3616 dissimiles
985 3576 1015 3616 m
1036 3575 1124 3616 unum
1146 3565 1212 3617 sunt
1233 3561 1464 3633 comprehensae.
1488 3567 1518 3621 et
1506 3563 1676 3622 tvaletndo
1704 3563 1835 3636 corporis
1864 3566 1894 3620 et
1915 3561 2015 3620 amico

333 3664 396 3705 rum
418 3648 553 3724 studium,
575 3668 697 3724 quarum
719 3669 815 3712 rerum
836 3657 926 3730 prior,
950 3673 1033 3728 quem
1054 3658 1085 3715 in
1106 3657 1221 3716 modum
1243 3657 1281 3716 ad
1309 3675 1427 3718 causam
1456 3661 1600 3735 agendam
1623 3667 1690 3734 pert
1691 3662 1780 3734 ineat,
1808 3661 1942 3733 equidem
1963 3676 2015 3718 non

334 3747 426 3810 video.
471 3748 582 3808 Oontra
603 3750 658 3810 hoc
679 3757 813 3825 apparet,
836 3757 865 3810 et
887 3769 922 3812 eo
944 3755 1016 3831 ipso,
1039 3756 1117 3828 quod
1139 3773 1204 3814 reus
1226 3756 1257 3814 in
1277 3774 1424 3819 carcerem
1446 3760 1587 3820 abductus
1610 3777 1701 3835 eaque
1722 3777 1764 3834 re,
1785 3765 1818 3818 ut
1838 3760 1901 3834 ipse
1922 3760 2015 3835 paullo

335 3844 413 3904 inira
445 3849 586 3923 declarat,
618 3851 795 3910 contumelia
826 3852 947 3914 affectus
968 3862 999 3914 et
1020 3857 1182 3930 suspicione
1204 3859 1431 3930 quasiobrutus
1453 3865 1506 3933 est,
1528 3859 1655 3918 studium
1665 3876 1699 3918 ac
1707 3857 1940 3920 benevolentiam
1950 3859 2015 3916 ami·

334 3959 432 4002 corum
453 3962 524 4021 erga
545 3965 609 4007 eum
630 3950 722 4008 minui
737 3967 830 4025 posse,
853 3958 883 4010 et
902 3955 1034 4026 corporis
1055 3955 1161 4014 malam
1182 3957 1377 4018 valetudinem
1404 3976 1520 4018 causam
1550 3976 1621 4034 esse,
1654 3975 1712 4031 qua
1740 3958 1803 4031 quis
1834 3957 2015 4030 impediatur,

335 4044 486 4114 quominus
507 4064 554 4105 res
582 4065 648 4108 suas
676 4051 738 4124 ipse
767 4051 960 4115 administret.
1003 4054 1188 4128 Quapropter
1210 4057 1393 4152 scribendum
1413 4060 1485 4120 mihi
1506 4059 1667 4118 videtur:
1659 4057 1778 4137 aprima
1788 4050 1846 4134 μὲν
1864 4051 1929 4132 (ὡς)
1944 4050 2015 4111 ἀπα

330 4140 566 4258 ριιοιιειιιτατον
583 4143 721 4224 γενέσθαι
744 4145 797 4231 ἐμὲ
822 4149 865 4234 μὴ
897 4148 1060 4232 ούνάμενον
1082 4149 1322 4236 διαπράσσεσθαι
1345 4155 1492 4237 τάμαυτοο
1517 4153 1675 4238 πράγματα
1703 4151 1752 4214 διὰ
1784 4153 1816 4214 τὸ
1838 4145 2015 4214 καιτοτταθεῖι

335 4260 379 4322 τιο
401 4262 525 4321 σιοματι,
548 4237 649 4330 ἔπειτα
678 4245 713 4308 δὲ
736 4247 804 4317 τοὺς
827 4248 931 4368 pilon<
945 4247 1229 4368 προιύμοτέροος’
1211 4273 1346 4337 εχειν.
1370 4249 1549 4338 ,τάληθῆ
1578 4253 1690 4334 λέγειν,
1712 4256 1826 4328 deletis
1848 4271 1922 4327 quae
1952 4261 2015 4328 post

331 4299 404 4402 haec
433 4325 601 4419 sequuntur,
629 4350 726 4410 verbis
753 4348 802 4411 διὰ
832 4349 883 4435 τιν
910 4351 961 4410 τοῦ
988 4351 1128 4432 σώματος
1145 4347 1414 4425 adscenderunt
1381 4361 1451 4415 ute
1478 4357 1574 4430 glossa
1606 4362 1712 4415 ortua
1738 4355 1860 4414 librario
1890 4355 1921 4413 iu
1943 4371 2015 4414 mar·

332 4443 400 4516 gine
429 4443 539 4517 scripta
561 4445 598 4503 ad
620 4441 669 4504 aa
700 4446 732 4506 τὸ
762 4389 944 4510 κακοπιιθεῖν
965 4452 1008 4534 τῷ
1029 4451 1151 4532 σώματι.

483 4543 532 4604 Or.
554 4544 589 4618 V,
611 4549 660 4608 22.
703 4547 838 4622 Legerim
856 4546 1078 4635 μετεξέβιιμεν
1092 4569 1146 4626 pro
1157 4548 1347 4635 μετέβημεπ
1367 4571 1433 4614 nam
1456 4555 1569 4615 codices
1591 4570 1689 4615 omnes
1712 4553 1778 4631 §21
1798 4550 2015 4632 μετεκβάντα,

331 4641 444 4702 codices
466 4644 601 4704 meliores
623 4652 653 4704 et
675 4645 691 4723 ι
712 4651 751 4706 22
770 4645 967 4727 μετέκβασις
984 4658 1015 4710 et
1035 4651 1060 4728 ι.
1083 4656 1121 4712 23
1142 4648 1363 4737 μετεξέβιιμεν
1385 4655 1530 4716 exhibent.

482 4741 531 4802 Or.
554 4745 588 4818 V,
613 4750 660 4809 28.
703 4746 781 4822 Opus
803 4766 861 4808 non
882 4750 997 4811 videtur
1018 4769 1083 4812 cum
1103 4752 1218 4812 Blassio
1250 4749 1436 4834 ἑντιθεμένοο
1471 4756 1600 4814 inserere
1631 4746 1702 4828 'post
1737 4746 1922 4818 τεθνεῶτος;
1950 4767 2015 4810 nam

329 4837 385 4898 hoc
406 4841 477 4900 dicit
498 4860 580 4902 reus:
602 4847 754 4920 vestigium
777 4848 920 4921 quoddam
935 4852 1047 4910 cruoris
1067 4853 1194 4925 relinqui
1215 4853 1347 4916 debuisse
1377 4855 1472 4914 caedis
1495 4856 1525 4913 in
1551 4871 1585 4914 eo
1614 4854 1739 4929 navigio,
1762 4855 1864 4926 inquo
1885 4850 2015 4912 Herodes
