4118 5522
962 717 1412 890 Antiphontis

636 975 706 1064 et
755 999 932 1095 quae
977 969 1176 1093 vulgo
1222 967 1367 1091 ejus
1408 962 1731 1058 feruntur

1063 1159 1316 1256 orationes

914 1351 1036 1424 critica
1068 1350 1205 1423 rationo
1241 1331 1471 1444 perlurstraoit

1002 1517 1215 1609 llriderious
1248 1515 1372 1594 Pullo.

1044 1734 1345 1750 &vavxmvxae

346 1894 463 2024 Exque
473 1953 603 2025 exemplo
615 1952 727 2012 codices
738 1953 1022 2025 omnesquiexstant
1036 1953 1226 2026 Antiphontis
1244 1957 1273 2012 et
1290 1968 1365 2025 quae
1380 1953 1466 2025 vulgo
1481 1951 1543 2022 ejus
1566 1946 1699 2008 feruntur
1716 1947 1881 2006 orationum
1891 1944 1999 2018 origine

348 2053 500 2124 duxerunt,
531 2051 562 2110 id
582 2051 721 2112 vitiorum
751 2057 780 2110 et
810 2051 979 2110 mendorum
1006 2067 1067 2110 esse
1095 2053 1308 2126 plenissimum,
1344 2051 1435 2110 multo
1465 2050 1596 2124 plenius,
1628 2063 1713 2120 quam
1742 2051 1810 2104 ante
1838 2046 1890 2104 hos
1925 2061 1975 2103 sex

347 2150 473 2225 triginta
502 2165 594 2209 annos
615 2156 645 2210 et
666 2151 837 2210 Turicenses
860 2156 890 2209 et
910 2151 1096 2210 Mastanerns
1118 2153 1257 2227 suspicati
1278 2151 1344 2223 sint,
1365 2151 1421 2210 hoo
1443 2149 1555 2221 studiis,
1577 2163 1650 2220 quse
1672 2147 1703 2205 in
1724 2147 1776 2204 hus
1788 2146 1935 2206 orationes
1951 2161 1986 2204 ex

348 2255 480 2322 tompore
502 2249 559 2307 viri
580 2250 660 2308 docti
681 2251 798 2323 plurimi
819 2250 1013 2322 contulerunt,
1042 2266 1118 2309 nunc
1139 2253 1211 2310 satis
1232 2253 1357 2312 constat.
1399 2249 1445 2307 Ita
1467 2246 1650 2320 factumest,
1676 2251 1717 2319 ut,
1736 2261 1809 2318 qnae
1832 2250 1900 2303 ante
1927 2262 1999 2318 panc

346 2365 438 2408 annos
460 2348 570 2421 prodiit
591 2349 697 2407 Blossii
718 2348 818 2422 editio,
854 2349 942 2406 etiam
978 2350 1180 2410 aMoetzneri
1212 2349 1349 2422 editione,
1372 2363 1494 2421 quacum
1515 2347 1545 2406 id
1566 2361 1716 2405 commune
1738 2343 1835 2417 habet,
1857 2351 1889 2402 ut
1907 2345 1999 2404 codici

348 2446 541 2507 Oxoniensem
561 2447 671 2506 Nante
692 2453 805 2506 ceteros
826 2453 967 2519 sequatur
989 2479 1026 2492 -
1049 2449 1126 2522 qnod
1147 2466 1204 2522 qno
1224 2450 1289 2522 jure
1311 2445 1421 2506 factum
1441 2447 1488 2520 sit,
1511 2462 1574 2506 eam
1599 2445 1799 2518 quaestionem
1826 2459 1901 2503 nuno
1931 2445 1999 2504 omit

347 2547 379 2604 in
401 2546 480 2606 aliud
501 2551 613 2619 tempus
635 2547 785 2620 prolatans
806 2548 1000 2620 -plurimis
1022 2549 1093 2606 locis
1116 2549 1262 2624 discrepet
1284 2549 1352 2606 nixa
1374 2527 1624 2607 emendationibus
1645 2546 1744 2620 variis,
1766 2561 1887 2616 quarum
1902 2561 1999 2620 magns

349 2649 462 2718 partem
484 2645 546 2718 ipse
567 2645 697 2703 Blossius
719 2645 839 2718 invenit,
861 2661 996 2719 magnam
1016 2653 1129 2719 partem
1152 2653 1221 2706 ante
1239 2664 1308 2726 ¹eum
1330 2647 1381 2705 olii
1401 2647 1458 2704 viri
1479 2645 1557 2705 docti
1588 2645 1771 2704 inuenerunt.
1804 2644 1914 2716 „Neque
1941 2649 1999 2723 tam

242 2779 245 2784 Δ
349 2745 421 2804 haec
442 2746 506 2818 ipso
528 2744 619 2804 editio
640 2745 683 2803 ita
704 2750 748 2804 est
769 2751 947 2818 comparata,
969 2746 1039 2817 quin
1060 2747 1151 2806 multa
1172 2727 1276 2807 menda
1297 2748 1445 2818 relinquat
1466 2744 1656 2816 emendanda,
1673 2759 1752 2816 puae
1774 2749 1824 2802 aut
1839 2745 1967 2818 neglexit
1989 2760 1999 2800 o

349 2843 498 2918 probabili
519 2846 687 2918 conjectura
709 2860 767 2902 non
788 2845 910 2904 sanavit.
954 2843 1050 2915 Quare
1070 2847 1313 2919 conjecturarum,
1345 2860 1418 2919 quae
1440 2845 1587 2904 orationes
1615 2844 1668 2902 has
1698 2842 1889 2917 perlustranti
1916 2843 1987 2900 mihi

348 2940 475 3002 mentem
495 2921 646 3017 vdnerant,
680 2959 738 3017 eas,
761 2960 834 3017 quae
859 2945 1016 3003 etiamnum
1038 2945 1205 3018 probabiles
1227 2947 1298 3005 mihi
1319 2945 1465 3018 videntur,
1487 2946 1517 3002 in
1538 2945 1631 3002 lucem
1653 2940 1787 3016 proferre
1808 2944 1954 3004 constitui.

503 3041 552 3103 Or.
573 3043 596 3115 I,
620 3047 638 3102 7
660 3043 732 3102 haec
753 3044 840 3117 vulgo
863 3044 1018 3118 leguntur:
1041 3041 1115 3103 ὅπου
1137 3041 1172 3104 δὲ
1191 3043 1234 3127 μὴ
1256 3039 1387 3127 ἠθέλησε
1410 3035 1588 3126 ποιήσασθαι
1600 3035 1721 3126 ἔλεγχον
1732 3043 1791 3101 τῶν
1808 3037 1999 3124 πεπραγμένα

352 3142 418 3206 πῶς
437 3136 506 3223 περί
518 3131 542 3218 γ’
558 3137 601 3200 ὧν
615 3137 669 3202 οὐκ
682 3135 814 3224 ἠθέλησε
838 3135 996 3212 πυθέσθαι,
1019 3139 1150 3228 anceps?
1167 3143 1251 3226 αὐτῷ
1274 3144 1341 3227 περὶ
1363 3141 1473 3204 τούτων
1495 3138 1626 3208 siclinium
1656 3143 1722 3208 πῶς
1740 3137 1792 3202 οὖν
1814 3141 1882 3224 περὶ
1913 3139 1999 3202 rodun

352 3236 379 3300 ὦ
399 3237 576 3311 δικάζοντες,
588 3238 678 3301 αὐτὸν
693 3237 772 3308 εἰκὸς
783 3237 900 3317 εἰδέναι,
916 3238 958 3301 ὧν
980 3262 1014 3320 γε
1035 3241 1086 3324 τὴν
1108 3239 1251 3328 ἀλήθειαν
1273 3242 1326 3305 οὐκ
1340 3239 1457 3328 εἴληφε
1477 3261 1493 3304 e
1516 3246 1619 3318 quibus
1642 3245 1739 3303 verbis
1760 3245 1925 3318 posteriora
1957 3243 1999 3318 (ro

347 3335 399 3401 οὖν
422 3337 653 3424 περὶτούτων.
676 3389 714 3404 ..
738 3390 744 3404 .
767 3335 893 3425 εἴληφε),
925 3361 1047 3416 quorum
1068 3345 1150 3418 prior
1171 3363 1239 3420 pars
1262 3345 1342 3424 (πῶς
1359 3339 1411 3404 οὖν
1433 3395 1440 3408 .
1464 3393 1469 3406 .
1493 3393 1500 3407 .
1524 3339 1646 3420 εἰδέναι)
1672 3345 1702 3402 in
1731 3344 1757 3402 N
1785 3360 1844 3403 non
1875 3349 1927 3416 est,
1956 3361 1999 3400 un«

346 3442 465 3502 inclusit
486 3443 615 3502 Blassius
637 3443 766 3502 scholion
788 3459 849 3504 esse
871 3450 952 3503 ratus
975 3443 1012 3504 ad
1033 3461 1068 3504 ea
1090 3461 1163 3518 quae
1186 3447 1370 3507 antecedunt.
1412 3447 1478 3522 lpse
1500 3461 1613 3517 qnoque
1625 3461 1712 3517 quum
1723 3445 1784 3515 jam
1799 3443 1848 3501 diu
1860 3443 1890 3500 in
1904 3443 1959 3502 hoc
1971 3445 1999 3501 lo

347 3541 535 3616 offenderim,
571 3559 607 3602 nc
636 3543 692 3602 hoc
719 3543 835 3616 quidem
865 3545 1042 3618 persuadere
1064 3545 1134 3603 mihi
1155 3561 1280 3619 possum,
1303 3545 1380 3618 quod
1402 3544 1561 3603 Schoellius
1583 3547 1676 3617 putat,
1699 3542 1770 3601 duas
1793 3542 1975 3600 recensiones
1998 3563 1999 3596 l

346 3642 528 3716 Antiphonte
549 3643 613 3716 ipso
635 3648 715 3702 ortas
737 3643 783 3701 hio
805 3659 866 3702 esse
888 3645 1074 3715 commixtas;
1097 3645 1147 3704 sed
1169 3646 1327 3704 etiamnum
1348 3643 1419 3702 mihi
1440 3643 1537 3716 potius
1560 3640 1648 3700 verba
1665 3635 1735 3723 περί
1746 3638 1772 3718 γ’
1785 3633 1997 3723 ‹boodxp’ds'lp

350 3735 499 3800 πυθέσθαι
520 3743 649 3812 scholion
671 3743 708 3803 ad
731 3739 805 3800 ὅπου
828 3738 925 3824 δὲμὴ
953 3737 1084 3826 ἠθέλησε
1113 3735 1289 3826 ποιήσασθει
1319 3735 1439 3825 ἔλεγχον
1468 3741 1528 3800 τῶν
1555 3735 1770 3822 πεπραγμένων
1799 3755 1861 3798 esse
1888 3740 1999 3799 videnti

348 3841 417 3910 quia
439 3842 545 3900 omissa
565 3843 712 3916 particula
734 3861 768 3920 ps
788 3856 908 3916 prorsus
929 3843 1050 3902 eundem
1071 3844 1246 3902 sententiam
1267 3842 1422 3916 praebent,
1445 3841 1534 3900 rerba
1556 3845 1653 3899 autem
1682 3835 1725 3898 ὧν
1755 3857 1789 3917 γε
1820 3836 1871 3920 τὴν
1892 3833 1999 3921 adpulsu

350 3933 404 3994 οὐκ
425 3933 528 4022 εἴληφε
550 3957 656 4000 novum
678 3942 748 4014 qnid
771 3941 896 4002 aderant
918 3941 956 4016 id,
980 3943 1057 4015 quod
1078 3937 1113 4000 ἐκ
1134 3940 1186 4001 τοῦ
1204 3937 1248 4022 μὴ
1264 3933 1405 4020 ἐθελῆσαι
1427 3932 1609 4022 ποιήσασθαι
1630 3931 1750 4022 &demon
1772 3944 1816 3998 est
1838 3944 1999 3998 consecutur

350 4041 453 4096 contra
473 4041 572 4113 uerba,
594 4056 667 4114 quoe
689 4042 727 4101 ab
749 4041 848 4101 codice
870 4041 897 4099 N
918 4041 1034 4114 absunt,
1056 4058 1129 4114 quoe
1152 4041 1190 4100 ab
1211 4042 1266 4101 hoo
1286 4041 1352 4099 loco
1372 4041 1469 4100 aliena
1490 4055 1552 4099 esse
1573 4039 1640 4099 inde
1656 4037 1877 4113 apparet,quod
1892 4039 1999 4111 portico

351 4128 403 4192 οὖν
424 4136 531 4196 bonum
552 4155 666 4200 sensum
688 4157 746 4200 non
768 4141 901 4217 praebet,
923 4157 959 4200 ea
980 4141 1068 4201 credo
1090 4157 1106 4200 e
1128 4143 1301 4216 glossemate
1324 4135 1404 4206 εἰκὸς
1418 4140 1458 4199 ad
1481 4135 1611 4224 ἐνχωρεῖ
1627 4140 1776 4213 adscripto
1788 4145 1854 4198 orta
1869 4155 1940 4212 esse,
1956 4144 1986 4197 et

348 4235 378 4292 in
399 4241 511 4294 textum
532 4241 657 4313 receptis
679 4242 831 4301 librarium
853 4241 1004 4315 quendam,
1033 4247 1066 4300 ut
1087 4241 1250 4302 orationem
1265 4243 1497 4302 omnivarietate
1509 4246 1660 4301 carentem
1675 4239 1999 4313 aliquantulumvarian

347 4335 509 4396 vocativum
532 4331 558 4395 ὦ
580 4333 750 4408 δικάζοντες
767 4341 914 4401 addidisse
936 4342 999 4399 veri
1020 4347 1065 4399 est
1100 4340 1204 4400 simile.
1260 4339 1370 4398 Locum
1391 4340 1483 4415 igitur
1514 4339 1556 4397 sic
1585 4338 1799 4398 constituerim:
1828 4333 1903 4396 ὅπου
1934 4333 1970 4396 δὲ
1994 4367 1999 4417 p

346 4427 478 4519 ἠθέλησε
500 4432 680 4520 ποιήσασθαι
702 4433 823 4523 &lemno
843 4441 902 4499 τῶν
925 4433 1151 4520 πεπραγμένων,
1177 4438 1241 4504 πῶς
1259 4436 1341 4518 [περὶ
1363 4437 1388 4516 7’
1404 4434 1452 4497 ὧν.
1469 4435 1524 4497 οὐκ
1552 4431 1682 4520 ἠθέλησε
1717 4430 1878 4514 raotola]
1910 4432 1999 4520 &pyropo

350 4530 434 4615 αὐτῷ
457 4535 524 4618 περὶ
545 4534 656 4597 τούτων
677 4535 788 4598 εἰδέναι
810 4539 836 4616 [,·
859 4541 924 4606 πῶς
941 4533 993 4598 οὖν
1016 4537 1084 4621 περὶ
1106 4535 1227 4606 τούτων,
1250 4532 1277 4595 ὧ
1299 4533 1472 4607 δικάζοντες,
1495 4533 1585 4597 αὐτὸν
1606 4533 1687 4602 εἰκὸς
1705 4531 1837 4614 εἷὸέναι],
1861 4531 1904 4594 ὧν
1927 4555 1960 4614 γε
1982 4555 1999 4594 τ

350 4628 494 4718 ἀλήθειαν
515 4633 569 4695 οὐκ
589 4617 708 4720 eil'rpps:
727 4637 801 4714 (ubi
822 4655 910 4699 vero
932 4639 1058 4698 noluit
1080 4637 1266 4711 indagaro
1288 4653 1412 4696 veram
1440 4640 1495 4697 rei
1523 4644 1654 4713 gestae
1685 4637 1887 4709 rationem,
1922 4653 1999 4708 ecq³

351 4742 854 4796 consentouenmestearum
876 4754 999 4798 rerum
1015 4737 1397 4812 cognitionemillum
1415 4739 1570 4811 habere,
1593 4739 1731 4811 quippe
1752 4751 1906 4810 quarum
1935 4752 1999 4794 ver

352 4836 468 4892 tatem
489 4842 743 4910 percontatus
760 4854 836 4898 non
858 4839 952 4914 siti).
976 4869 1013 4880 —
1036 4838 1115 4898 Loco
1137 4838 1179 4896 sio
1201 4837 1359 4896 constituto
1382 4844 1506 4912 apparet
1527 4838 1724 4912 Hirschigium
1751 4838 1872 4910 amplius
1903 4837 1997 4895 nitin

1818 4941 1832 4996 l
