4118 5522
1130 262 1152 332 9

298 464 375 526 inest
395 467 426 523 in
447 465 543 524 verbis
565 464 695 537 proxime
717 461 901 535 sequentibus
924 457 1013 537 (ἀλλὰ
1034 456 1140 525 δείοας
1159 460 1226 542 περὶ
1247 457 1376 541 ἐμαυτοῦ
1396 459 1439 543 μη
1461 457 1554 526 αὑτδς
1573 457 1643 543 παρ’
1673 456 1785 520 ἐκείνου
1815 459 1901 519 τοῦτο
1931 477 1980 518 πα-

299 559 432 643 ὑοιμι;);
456 579 548 636 neque
570 561 688 634 dubito„
704 561 782 634 quin,
804 561 966 633 quicunque
988 560 1160 634 simpliciter
1179 562 1269 621 verba
1290 560 1371 635 legit,
1394 558 1459 643 τὴν
1481 557 1620 642 πρύνοιαν
1641 559 1753 619 referat
1774 560 1812 619 ad
1836 557 1885 618 τὸν
1900 557 1981 618 τοῦτο

295 658 443 744 μέλλοντα
465 660 581 742 ποιῆσαι
602 661 622 722 i.
644 675 669 718 c.
692 660 730 718 ad
751 659 934 722 homicidam.
976 657 1031 729 Oui
1052 664 1149 719 autem
1170 661 1314 720 homiuem
1338 659 1484 720 occisurus
1505 665 1559 733 est,
1581 676 1648 718 num
1680 661 1742 732 eius
1763 659 1915 718 consilium
1935 674 1981 715 ne-

299 780 378 824 cesse
400 767 445 821 est
466 757 600 842 φανερδν
621 753 718 819 aiant?
739 763 826 831 atque
848 755 980 839 puerpura
1002 751 1076 817 εἶναι
1096 776 1113 817 e
1134 761 1260 818 multis
1282 759 1464 818 indiciis?
1506 761 1639 832 Apparet
1658 757 1748 830 igitur
1763 753 1898 840 φανεράν
1912 754 1982 815 ialso

299 879 362 922 esse
384 861 526 920 insertum
548 875 567 917 a
586 857 711 918 librario
732 873 768 914 ex
789 855 805 933 ἓ
828 859 866 916 59
888 851 1039 936 (ἐγὼμὲν
1061 855 1118 940 γάρ
1147 877 1193 916 σοι
1221 855 1356 940 φανεράν
1386 856 1439 940 την
1467 855 1606 940 πρόνοιαν
1628 852 1671 922 ελς
1689 851 1742 936 ἐμὲ
1774 851 1983 934 ἀποδείκνυμι),

300 967 387 1034 atque
408 957 541 1031 forsitan,
564 974 638 1030 quae
657 957 735 1016 inter
756 957 784 1015 Ν
805 960 836 1013 et
857 959 970 1015 ceteros
993 955 1075 1015 codd.
1096 956 1252 1018 intercedit
1275 957 1479 1032 discrepantia,
1501 955 1569 1014 inde
1598 961 1665 1015 orta
1686 956 1737 1029 sit,
1769 956 1847 1028 quod
1874 957 1929 1013 iste
1951 955 1984 1013 li-

299 1060 417 1120 brarius
438 1052 573 1140 φανερὰν
593 1061 645 1115 aut
667 1057 697 1114 in
718 1055 849 1128 margine
871 1058 923 1112 aut
943 1071 1031 1127 super
1052 1054 1158 1113 lineam
1174 1055 1333 1129 scripserit.
1360 1087 1395 1098 -
1420 1056 1487 1114 Jam
1508 1055 1532 1112 si
1554 1054 1713 1112 omittimus
1729 1050 1875 1136 φανερὰν,
1896 1053 1986 1112 verba

301 1155 335 1218 ἐκ
347 1153 463 1217 πολλῶν
477 1158 630 1232 languent;
653 1171 719 1214 nam
739 1153 871 1214 multis
893 1153 986 1211 causis
1007 1151 1113 1214 nefarii
1132 1155 1247 1214 consilii
1268 1173 1341 1230 opus
1362 1172 1420 1215 non
1442 1161 1495 1227 est,
1516 1170 1602 1212 unam
1622 1154 1823 1228 gravissimam
1837 1170 1899 1213 ease
1914 1154 1986 1211 satia

301 1264 354 1322 est.
396 1259 486 1317 Immo
508 1255 692 1316 scribendum
713 1258 757 1312 eat
779 1249 831 1333 τλρ
854 1248 992 1334 πρύνοιαν
1014 1247 1047 1311 ἐκ
1069 1247 1193 1311 πολλοὺ
1215 1248 1288 1312 εἶναι
1315 1247 1582 1334 ἐπιβουλευομένην
1608 1253 1655 1311 vel
1682 1254 1780 1326 potius
1809 1247 1986 1329 ἐπιβεβου-

301 1351 456 1438 λευμένην
478 1355 562 1433 (Sed
584 1370 733 1428 magnas
755 1367 910 1410 necesse
933 1357 991 1410 est
1011 1353 1236 1413 simultates
1253 1370 1327 1412 cum
1350 1355 1477 1412 altero
1499 1351 1741 1411 intercedere
1762 1353 1806 1425 ei,
1828 1353 1889 1425 qui
1911 1353 1986 1410 tale

300 1457 392 1531 quid
412 1454 544 1514 lacere
566 1452 641 1511 sibi
662 1451 859 1525 proponit,
880 1457 918 1508 et
939 1467 955 1509 e
976 1452 1089 1525 longe
1111 1457 1285 1526 tempore
1313 1452 1516 1510 consilium
1547 1467 1625 1510 esse
1647 1455 1789 1529 contra¹
1824 1453 1987 1511 alterum

300 1574 367 1631 pro
374 1553 567 1630 positum);
588 1567 656 1610 uam
676 1550 773 1608 caedis
795 1549 956 1623 consilium,
987 1552 1097 1623 siquis
1129 1551 1197 1610 odio
1228 1556 1257 1610 et
1282 1551 1436 1610 inimicitia
1465 1549 1552 1610 alteri
1585 1549 1750 1622 insidietur,
1780 1551 1987 1624 plerumquee

300 1657 387 1730 longo
409 1660 541 1726 tempore
562 1666 625 1710 esse
645 1651 675 1709 in
698 1650 794 1708 animo
815 1649 877 1722 ejm
898 1651 1087 1710 constitutum
1108 1651 1180 1709 satis
1202 1655 1326 1710 constat.

452 1751 502 1810 Or.
524 1749 558 1823 V,
582 1753 629 1810 76.
671 1747 711 1807 Ut
737 1753 850 1807 rectum
878 1746 981 1807 iecerit
1009 1750 1138 1809 Blassius
1165 1748 1333 1824 Hirschigio
1359 1749 1481 1822 jubente
1509 1764 1607 1808 vocem
1640 1743 1796 1807 ἀποστᾶσα
1827 1748 1987 1821 secludens,

301 1850 392 1911 nihilo
413 1851 507 1909 minus
527 1864 687 1923 pronomen
710 1841 861 1929 ὑμετέρας
892 1845 967 1906 falso
1002 1848 1032 1907 in
1068 1853 1178 1907 textum
1214 1849 1364 1922 irrepsisse
1400 1848 1470 1908 mihi
1505 1847 1621 1907 videtur
1657 1865 1710 1921 per
1738 1848 1899 1920 librarium,
1938 1848 1987 1920 qui

300 1950 399 2022 paullo
420 1946 499 2007 iufra
518 1948 610 2007 verba
629 1949 743 2022 legerat
773 1944 825 2029 τὴν
842 1943 900 2025 μὲν
920 1940 973 2005 οὑν
994 1943 1186 2028 γνῶμην.,..
1209 1941 1356 2032 ύμοιοςῆν
1377 1943 1433 2013 εἷς
1445 1942 1556 2026 ὑμᾶς
1576 1965 1643 2006 nam
1658 1948 1726 2007 etin
1742 1947 1831 2006 verbo
1846 1943 1988 2028 ἁμαρτεῖν

301 2050 422 2109 eundem
444 2064 558 2107 sensum
579 2049 673 2107 inesse
694 2053 832 2121 oportere
854 2062 967 2120 censeo,
989 2065 1073 2121 quem
1103 2049 1134 2106 iu
1163 2064 1247 2119 voce,
1276 2063 1351 2120 quac
1379 2048 1478 2122 paullo
1508 2044 1587 2106 infra
1608 2047 1723 2120 legitur,
1746 2041 1994 2128 συνεξαμαρτεῖν,

300 2149 356 2207 nisi
378 2148 455 2221 quod
475 2148 543 2207 huic
564 2164 618 2204 συν
639 2149 683 2204 est
704 2145 853 2218 additum,
884 2161 978 2218 neque
999 2153 1097 2205 tamen
1119 2147 1244 2219 aliquem
1265 2147 1323 2206 dici
1344 2163 1429 2220 posse
1451 2152 1620 2206 coactum
1651 2162 1724 2218 esse,
1742 2152 1775 2204 ut
1797 2163 1860 2204 cum
1882 2131 1994 2206 ceteris

300 2249 504 2310 benevolentia
526 2246 747 2308 Atheniensium
769 2246 925 2320 excideret,
948 2251 978 2306 et
999 2248 1089 2306 verba
1110 2243 1226 2329 ἥμαρτε
1248 2245 1300 2328 τῆς
1319 2244 1439 2328 γνώμης
1457 2245 1487 2322 (i.
1510 2262 1533 2306 e.
1555 2262 1573 2305 a
1593 2251 1689 2304 mente
1705 2245 1820 2304 deserta
1835 2245 1892 2319 est)
1913 2225 1995 2304 bene³

301 2349 371 2410 addi
391 2349 520 2423 potuisse
542 2348 580 2407 ab
602 2352 729 2419 oratore,
750 2353 792 2421 ut,
815 2347 892 2420 q'uod
913 2346 1011 2406 verbis
1033 2347 1134 2412 κακῶς
1152 2339 1354 2424 ἐβουλεύσατο
1375 2346 1502 2406 molliter
1524 2343 1748 2419 significaverat,
1779 2345 1866 2402 etiam
1888 2346 1988 2404 durius

300 2448 486 2522 exprimeret.

453 2546 502 2608 Or.
524 2546 560 2619 V,
582 2549 631 2605 78.
673 2545 768 2619 Vulgo
789 2545 897 2618 legitur
918 2542 987 2611 τοὺς
1005 2543 1033 2604 δ’
1055 2541 1136 2610 οἵους
1154 2542 1237 2624 ὑμεῖς
1260 2547 1355 2625 μισῶν
1383 2543 1585 2626 συκοφάντας,
1612 2543 1690 2615 quod
1718 2545 1855 2604 Reiakius
1885 2547 1990 2605 vertit:

300 2645 368 2704 odio
390 2644 563 2717 delatorum,
575 2659 647 2716 quos
667 2643 784 2716 ipsimet
804 2645 917 2717 pariter
939 2645 1048 2706 odistis.
1091 2645 1147 2704 Sed
1169 2662 1262 2718 neque
1284 2646 1389 2704 hocin
1411 2645 1518 2717 verbis,
1540 2643 1638 2715 qualia
1652 2644 1739 2717 vulgo
1754 2646 1898 2718 leguntur,
1914 2645 1990 2703 inest

301 2757 394 2815 neque
414 2743 470 2802 hoc
491 2759 555 2801 cum
577 2731 788 2801 sententiaruin
809 2759 940 2802 connexu
960 2743 1034 2802 bene
1056 2743 1200 2817 congruit.
1244 2742 1431 2802 Scribendum
1453 2753 1511 2802 est:
1546 2738 1614 2807 τοὺς
1632 2739 1660 2802 δ’
1682 2737 1762 2809 οἵους
1780 2739 1870 2823 ὑμᾶς
1891 2731 1998 2823 μισῶν

302 2837 490 2922 συκοφάντας
508 2841 540 2918 (i.
562 2858 587 2903 a.
610 2841 678 2900 odio
701 2839 984 2913 delatorum,quales
1005 2859 1057 2901 vos
1079 2843 1170 2921 estis),
1193 2845 1271 2918 quod
1292 2845 1335 2904 ita
1357 2845 1449 2918 accipi
1470 2845 1546 2918 uolo,
1569 2851 1602 2904 ut
1616 2847 1788 2920 pronomine
1803 2849 1989 2922 appellentur

302 2946 494 3002 accusatores.
535 2941 661 3000 Insidias
683 2940 760 2998 enim
781 2955 830 2998 eos
851 2956 971 3014 parasse
992 2946 1023 3000 et
1043 2959 1097 3015 per
1117 2941 1235 3002 fraudes
1264 2944 1360 3002 omnia
1389 2945 1483 3017 egisse
1515 2952 1545 3004 et
1576 2946 1739 3004 delatorum
1767 2947 1844 3004 vices
1875 2961 1987 3018 gerere,

302 3027 358 3096 hoc
379 3042 410 3096 et
431 3037 606 3111 significauit
627 3055 695 3098 reus
717 3055 806 3113 supra
828 3040 1024 3114 compluribus
1045 3042 1116 3100 locis
1139 3040 1168 3118 (ξ
1190 3044 1228 3101 25
1252 3042 1387 3123 κρεῖσσον
1407 3035 1444 3125 ἦν
1472 3040 1505 3101 τὸ
1526 3038 1640 3118 άληὺὲς
1665 3041 1713 3102 καὶ
1734 3041 1767 3102 τδ
1797 3038 1989 3124 γεγενημένον

303 3137 359 3220 τῆς
378 3131 490 3196 τούτων
512 3132 689 3222 αλτιάσειυς;
710 3139 727 3215 ἕ
749 3143 788 3198 29
812 3135 915 3222 ἐπειδὴ
945 3136 981 3200 δὲ
1011 3137 1112 3207 αὑτοῖς
1139 3140 1224 3200 τοῦτο
1252 3137 1305 3200 οὑκ
1324 3137 1477 3225 ’ἐνεχώρει
1484 3159 1496 3208 ;
1524 3141 1540 3218 §
1570 3146 1608 3203 55
1640 3139 1707 3202 τύτε
1730 3139 1787 3222 μὲν
1816 3139 1874 3224 γάρ
1903 3137 1988 3202 ούπιο

302 3231 402 3302 οὑτως
420 3231 625 3319 ἐμεμηχάνητο
640 3233 745 3303 αὑτοῖς·
768 3233 871 3321 ἐπειδὴ
892 3236 928 3298 δὲ
949 3239 967 3297 ύ
988 3235 1187 3324 άνὺριοποςύ
1210 3237 1357 3322 πρότερος
1371 3235 1587 3318 βασανισεὺεὶς
1604 3238 1693 3301 οὐδὲν
1712 3236 1798 3321 ἔλεγε
1818 3242 1882 3302 κατ’
1905 3239 1987 3323 ἐμοῦ,

303 3333 376 3394 τότε·
398 3329 602 3412 εἰσβάλλουστν
630 3331 675 3401 ελς
703 3336 737 3395 τδ
756 3333 857 3397 πλοῖον
878 3337 912 3397 τδ
933 3335 1174 3421 γραμματείδιον)
1196 3345 1226 3398 et
1247 3339 1393 3414 significat
1415 3339 1492 3399 inira
1524 3341 1540 3418 ἓ
1571 3344 1609 3423 79
1639 3336 1833 3419 διαβάλλουσι
1861 3349 1892 3401 et
1914 3361 1988 3425 χρη·

300 3433 407 3514 μάτιον
430 3429 488 3516 γάρ
510 3427 598 3494 ἕνεκα
620 3431 639 3518 η
663 3436 744 3495 πᾶσα
766 3435 940 3520 παρασκευὴ
970 3434 1134 3520 γεγένηται)
1164 3446 1194 3498 et
1215 3445 1317 3514 aperte
1344 3437 1533 3522 συκοφάντας
1551 3459 1600 3501 eos
1630 3443 1761 3516 appellat
1793 3441 1880 3518 §8st
1922 3442 1988 3500 Jam

301 3534 417 3607 quidem
438 3535 610 3610 pronomine
632 3530 715 3615 ὑμεῖς
733 3542 834 3596 orator
855 3539 964 3611 alloqui
984 3539 1060 3598 solet
1078 3537 1199 3612 judices,
1221 3554 1306 3612 quum
1329 3542 1506 3600 accusatoria
1526 3546 1626 3615 partes
1654 3541 1822 3614 plerumque
1844 3540 1989 3614 significet

301 3650 428 3708 persona
448 3635 570 3708 pluralis
592 3637 691 3709 tertia,
713 3637 857 3696 interdum
878 3638 980 3697 eadem
1001 3639 1156 3713 singularis
1178 3639 1290 3696 numeri
1321 3638 1348 3714 (5
1371 3642 1410 3698 60
1432 3631 1502 3722 ἔχει,
1531 3638 1548 3715 ξ
1576 3644 1615 3699 74
1645 3632 1705 3720 ἔφη
1726 3644 1816 3712 cett.),
1843 3640 1989 3699 interdum

302 3734 390 3791 etiam
411 3749 537 3806 persona
558 3733 684 3792 secunda
705 3735 818 3793 numeri
839 3737 994 3811 singularis
1015 3737 1063 3814 (ἐξ
1088 3742 1134 3813 11,
1160 3741 1207 3812 13,
1231 3741 1278 3812 15,
1303 3742 1339 3799 16
1361 3737 1459 3814 cett.);
1481 3739 1531 3798 sed
1546 3740 1634 3798 etiam
1649 3739 1684 3816 ἐξ
1699 3742 1748 3813 47,
1764 3743 1804 3800 48
1819 3741 1988 3815 pronomine

302 3826 384 3908 ὑμεῖς
401 3833 577 3908 necopinato
597 3849 664 3891 usus
687 3834 858 3910 aggreditur
879 3843 1071 3900 accusatores.

453 3932 503 3992 Or.
525 3932 560 4005 V,
583 3935 632 3993 80.
673 3929 979 4009 Difficultatem,quae
1000 3937 1076 3996 inest
1097 3939 1128 3996 in
1149 3940 1246 3999 verbis
1268 3931 1456 4018 δεδειγμένου
1478 3931 1561 3998 ἔσται
1582 3933 1704 4003 τούτους
1719 3934 1775 4012 μὲν
1805 3932 1926 4008 nsidera,
1956 3938 1988 3997 τδ

302 4025 329 4086 δ’
353 4023 497 4110 ὑμέτερον
519 4023 634 4114 πλῆὑος
651 4027 780 4113 φεύγειν,
802 4035 913 4107 primus
935 4036 1036 4110 attigit
1056 4037 1239 4112 Brieglebius
1261 4038 1296 4097 de
1318 4039 1469 4098 sanatione
1488 4038 1654 4112 desperans.
1696 4037 1771 4096 Mihi
1801 4038 1918 4111 quidem
1938 4044 1989 4098 aut

303 4130 334 4190 id
355 4129 490 4188 mendum
512 4132 605 4191 inesse
625 4131 749 4207 videtur,
772 4138 805 4191 ut
826 4134 915 4193 verbo
937 4131 1057 4216 φεύγειν
1084 4154 1119 4196 ex
1140 4137 1157 4214 5
1179 4141 1218 4197 78
1246 4137 1321 4195 male
1349 4138 1477 4212 repetito
1505 4138 1630 4197 alterum
1657 4138 1777 4196 verbum
1803 4137 1911 4210 ejectus
1940 4139 1988 4211 sit,

301 4229 383 4302 cujus
405 4243 506 4287 sensus
528 4233 678 4303 oppositus
699 4233 739 4290 sit
758 4233 850 4294 verbo
873 4225 984 4293 πεύὺειν
1013 4233 1052 4310 (e.
1073 4254 1101 4310 g.
1125 4229 1295 4313 πεὶὑεσὺαι)
1325 4243 1377 4296 aut
1404 4233 1466 4296 δεῖν
1494 4237 1677 4297 intercidisse
1706 4237 1753 4294 vel
1782 4233 1895 4302 πάντας
1916 4233 1988 4308 δεῖν,

301 4325 405 4401 quibus
427 4327 544 4386 insertis
565 4328 614 4386 hic
634 4327 696 4389 iere
717 4348 817 4390 sensus
838 4321 959 4394 inesset:
1001 4335 1117 4407 planum
1139 4333 1247 4395 lactum
1268 4337 1325 4395 erit
1346 4353 1418 4409 opus
1440 4352 1502 4394 esse
1535 4335 1689 4405 (omnibus)
1715 4333 1753 4410 [si
1780 4335 1895 4408 quidem
1923 4354 1989 4411 sup-

300 4427 420 4502 plicium
442 4427 581 4499 injustum
600 4427 695 4488 vitare
716 4431 819 4510 velint]
841 4432 895 4492 hos
916 4432 973 4492 sibi
1001 4434 1166 4509 conciliare,
1196 4442 1298 4494 contra
1334 4434 1370 4511 [si
1392 4433 1447 4493 hoc
1482 4433 1546 4492 heri
1582 4432 1721 4510 nequeat]
1755 4433 1988 4508 jurisdictionem

300 4532 427 4586 vestram
448 4523 595 4601 defugere.

454 4625 505 4686 Or.
529 4625 562 4699 V,
585 4628 635 4686 82.
677 4627 749 4687 Post
767 4626 811 4710 μὴ
833 4623 962 4716 καὺαρολ
976 4632 1086 4717 χεῖρας
1105 4651 1139 4693 ex
1161 4635 1307 4693 constanti
1328 4633 1518 4708 Antiphontis
1539 4648 1593 4690 usu
1614 4630 1777 4692 addiderim
1792 4627 1887 4701 ὄντας,
1910 4636 1989 4708 quod

304 4725 491 4799 participium
513 4726 648 4786 concinat
670 4741 733 4784 cum
755 4741 790 4786 eo
812 4730 889 4801 quod
909 4733 1041 4805 sequitur
1058 4728 1174 4813 μίασμα
1195 4727 1319 4818 ἔχοντες.

422 4861 426 4868 -
454 4822 504 4884 Or.
526 4823 562 4895 V,
585 4826 634 4884 85.
678 4823 709 4883 Si
731 4826 795 4897 quis
817 4842 860 4900 ea,
883 4845 957 4901 quae
980 4832 1018 4891 ad
1038 4832 1061 4906 l,
1087 4835 1132 4892 19.
1154 4835 1210 4903 273
1232 4833 1269 4905 ll,
1287 4826 1320 4909 β,
1344 4834 1376 4901 23
1409 4832 1460 4904 Ill,
1483 4851 1508 4908 γ,
1530 4831 1568 4899 3;
1601 4829 1650 4903 IV,
1673 4829 1741 4899 δ,3
1771 4835 1891 4908 conjeci,
1920 4848 1991 4906 pro-

1802 4937 1818 4992 2
