4118 5522
890 242 932 312 ln

69 446 164 503 inesse
184 444 215 502 in
236 444 341 516 verbis,
364 458 438 515 qnae
461 441 635 502 antecedunt
663 436 754 500 καίτοι
776 436 804 500 τί
821 435 858 499 ἂν
887 437 952 521 ὑμῖν
981 435 1084 498 τούτου
1112 435 1213 519 μεῖζον
1241 437 1396 523 τεκμήριον
1426 437 1628 522 ἀποδείξαιμι,
1664 445 1750 504 modo

69 560 229 618 pronomen
251 538 354 602 τούτου
374 541 520 602 referatur
541 542 579 601 ad
600 558 643 613 ea,
666 558 740 616 qnae
761 542 988 616 subsequuntur,
1024 558 1082 602 ncn
1102 541 1141 600 ad
1168 557 1349 616 praegressa.
1398 542 1493 614 Atque
1521 559 1557 602 nc
1585 543 1687 603 credas
1708 546 1750 604 sic

69 643 198 702 futurum
220 659 291 716 esse,
314 648 347 702 ut
367 641 512 716 particula
533 637 599 723 γὰρ,
621 658 695 714 qnae
716 646 761 700 est
781 646 848 716 post
869 637 981 722 ἐπειδὴ,
1002 643 1149 716 langueat,
1172 638 1305 700 conteras
1327 641 1377 704 Or.
1395 640 1428 715 V,
1451 645 1499 704 61.

221 743 325 802 Paullo
347 739 424 800 inira
444 757 499 815 pro
521 736 605 822 αὐτῷ
626 733 769 808 ἐνταῦθα,
790 741 868 815 quod
889 747 932 800 est
953 742 984 799 in
1004 742 1031 800 A
1051 741 1087 814 N,
1116 740 1204 815 vulgo
1230 741 1383 815 legebatur
1410 737 1484 800 αὐτὸ
1513 735 1661 814 ἐνταῦθα,
1696 761 1750 819 pro

70 860 126 915 qno
148 859 213 902 oum
232 841 368 901 Beklrero
389 846 457 915 post
477 857 543 899 enm
564 840 691 900 editores
713 856 811 900 omnes
832 839 1012 914 scripserunt
1033 831 1072 896 αὖ
1093 831 1236 909 ἐνταῦθα,
1258 855 1430 914 quamquam
1450 841 1580 900 Blassius
1601 858 1638 901 ne
1652 842 1683 900 in
1697 843 1751 902 hoc
1830 857 1836 868 ’

70 941 185 1014 quidem
205 957 323 1015 prorsus
345 941 549 1014 conquiescens
570 940 731 1014 suspicatus
753 943 806 1012 est,
828 937 952 998 forsitan
974 937 1157 998 scribendum
1178 944 1253 998 esset
1268 931 1399 998 ἐνταῦθα
1411 932 1512 1006 εὐθύς.
1545 941 1751 1015 Proposuerim

70 1056 125 1114 ego
146 1036 237 1099 αὐτοῦ
258 1033 399 1109 ἐνταῦθα,
421 1039 498 1113 quod
517 1039 595 1098 idem
615 1054 678 1099 esse
698 1039 785 1098 velim
806 1043 893 1112 etque
914 1034 1006 1097 αὐτοῦ
1028 1033 1122 1119 ταύτῃ
1142 1039 1187 1096 vel
1210 1033 1300 1096 αὐτοῦ
1322 1033 1396 1126 τῇδε
1416 1038 1448 1114 (i.
1471 1056 1497 1100 e.
1520 1045 1582 1098 tum
1602 1039 1719 1116 ipsum).

221 1140 271 1199 Or.
293 1142 342 1215 Vl,
365 1144 414 1202 46.
455 1140 548 1212 Quum
570 1134 733 1220 ὑπομνῆσαι
754 1139 792 1196 sit
813 1155 910 1197 rernm
932 1153 1039 1212 earnm,
1072 1154 1146 1212 qnae
1168 1155 1238 1199 voce
1261 1129 1346 1197 ἱκανὰ
1367 1144 1515 1212 notantur,
1549 1131 1753 1222 ἐνθυμηθῆναι

69 1243 108 1299 sit
128 1257 327 1315 personarum,
337 1257 412 1315 qnae
433 1237 662 1311 commcnefiunt‚
677 1243 708 1297 ut
720 1238 888 1297 concinnior
902 1236 954 1296 liat
968 1243 1074 1312 cratlo,
1088 1254 1143 1312 pro
1158 1233 1322 1319 ὑπομνῆσαι
1335 1239 1501 1313 scripserim
1516 1230 1749 1319 ὑπομνησθῆναι.

69 1341 167 1414 Atque
187 1341 310 1401 similem
332 1341 410 1400 vocis
432 1336 531 1404 ἱκανὸς
549 1338 794 1399 constructionem
814 1337 904 1396 habes
925 1335 1004 1395 inira
1025 1337 1041 1414 ξ
1063 1341 1112 1410 48,
1135 1336 1186 1397 nbi
1206 1339 1351 1398 immerito
1373 1334 1452 1398 ὥστε
1474 1335 1552 1418 ὑμᾶς
1569 1339 1638 1399 addi
1660 1341 1753 1399 voluit

69 1442 265 1500 Maetzncrus.
